%% This BibTeX bibliography file was created using BibDesk.
%% http://bibdesk.sourceforge.net/

%% Created for Julyan Arbel at 2024-01-29 14:48:42 +0100 


%% Saved with string encoding Unicode (UTF-8) 


@article{cobb2018loss,
  title={Loss-calibrated approximate inference in {B}ayesian neural networks},
  author={Cobb, Adam D and Roberts, Stephen J and Gal, Yarin},
  journal={arXiv preprint arXiv:1805.03901},
  year={2018}
}

@article{dziugaite2017computing,
	author = {Dziugaite, Gintare Karolina and Roy, Daniel M},
	date-added = {2024-01-29 14:46:04 +0100},
	date-modified = {2024-01-29 14:46:04 +0100},
	journal = {arXiv preprint arXiv:1703.11008},
	title = {Computing nonvacuous generalization bounds for deep (stochastic) neural networks with many more parameters than training data},
	year = {2017}}

@inproceedings{daxberger2021b,
	author = {Daxberger, Erik and Kristiadi, Agustinus and Immer, Alexander and Eschenhagen, Runa and Bauer, Matthias and Hennig, Philipp},
	booktitle = {Advances in Neural Information Processing Systems},
	date-added = {2024-01-29 14:40:36 +0100},
	date-modified = {2024-01-29 14:40:36 +0100},
	title = {Laplace Redux - Effortless {B}ayesian Deep Learning},
	year = {2021}}

@article{dangelo2021repulsive,
	author = {D'Angelo, Francesco and Fortuin, Vincent},
	date-added = {2024-01-29 12:14:40 +0100},
	date-modified = {2024-01-29 12:14:40 +0100},
	journal = {Advances in Neural Information Processing Systems},
	title = {Repulsive deep ensembles are {B}ayesian},
	year = 2021}

@inproceedings{jerfel2021variational,
	author = {Jerfel, Ghassen and Wang, Serena and Wong-Fannjiang, Clara and Heller, Katherine A and Ma, Yian and Jordan, Michael I},
	booktitle = {Uncertainty in Artificial Intelligence},
	date-modified = {2023-02-08 22:36:04 +0100},
	organization = {PMLR},
	pages = {1819--1829},
	title = {Variational refinement for importance sampling using the forward {K}ullback-{L}eibler divergence},
	year = {2021}}
@inproceedings{carvalho2009handling,
	author = {Carvalho, Carlos M and Polson, Nicholas G and Scott, James G},
	booktitle = {Artificial Intelligence and Statistics},
	organization = {PMLR},
	pages = {73--80},
	title = {Handling sparsity via the horseshoe},
	year = {2009}}

@inproceedings{TeNeWe07,
	author = {Teh, Y. W. and Newman, D. and Welling, M.},
	booktitle = {Advances in neural information processing systems},
	date-added = {2020-02-07 17:02:16 +0100},
	date-modified = {2020-02-07 17:02:16 +0100},
	pages = {1353--1360},
	title = {A collapsed variational {B}ayesian inference algorithm for latent {D}irichlet allocation},
	year = {2007}}

@article{Cal14,
	author = {Calderhead, B.},
	date-added = {2016-10-17 19:42:37 +0000},
	date-modified = {2016-10-17 19:43:00 +0000},
	journal = {Proceedings of the National Academy of Sciences},
	number = {49},
	pages = {17408--17413},
	publisher = {National Acad Sciences},
	title = {A general construction for parallelizing {M}etropolis-{H}astings algorithms},
	volume = {111},
	year = {2014}}

@inproceedings{lopez2020decision,
	author = {Lopez, Romain and Boyeau, Pierre and Yosef, Nir and Jordan, Michael I and Regier, Jeffrey},
	booktitle = {Advances in Neural Information Processing Systems},
	title = {Decision-Making with Auto-Encoding Variational {B}ayes},
	year = {2020}}

@inproceedings{ayed2019double-power-law,
	author = {Ayed, Fadhel and Lee, Juho and Caron, Francois},
	booktitle = {Proceedings of the 36th International Conference on Machine Learning},
	pages = {395--404},
	series = {Proceedings of Machine Learning Research},
	title = {Beyond the {C}hinese Restaurant and {Pitman-Yor} processes: Statistical Models with double power-law behavior},
	volume = {97},
	year = {2019}}

@inproceedings{mollenhoff,
	author = {M{\"o}llenhoff, Thomas and Khan, Mohammad Emtiyaz},
	booktitle = {ICLR},
	title = {{SAM} as an Optimal Relaxation of {B}ayes},
	url = {https://arxiv.org/abs/2210.01620},
	year = {2023},
	bdsk-url-1 = {https://arxiv.org/abs/2210.01620}}

@article{izmailov2018averaging,
	author = {Izmailov, Pavel and Podoprikhin, Dmitrii and Garipov, Timur and Vetrov, Dmitry and Wilson, Andrew Gordon},
	journal = {Uncertainty in Artificial Intelligence (UAI)},
	title = {Averaging weights leads to wider optima and better generalization},
	year = {2018}}

@inproceedings{pmlr-v162-lotfi22a,
	author = {Lotfi, Sanae and Izmailov, Pavel and Benton, Gregory and Goldblum, Micah and Wilson, Andrew Gordon},
	booktitle = {Proceedings of the 39th International Conference on Machine Learning},
	pdf = {https://proceedings.mlr.press/v162/lotfi22a/lotfi22a.pdf},
	publisher = {PMLR},
	series = {Proceedings of Machine Learning Research},
	title = {{B}ayesian Model Selection, the Marginal Likelihood, and Generalization},
	url = {https://proceedings.mlr.press/v162/lotfi22a.html},
	volume = {162},
	year = {2022},
	bdsk-url-1 = {https://proceedings.mlr.press/v162/lotfi22a.html}}

@inproceedings{pmlr-v139-izmailov21a,
	author = {Izmailov, Pavel and Vikram, Sharad and Hoffman, Matthew D and Wilson, Andrew Gordon Gordon},
	booktitle = {Proceedings of the 38th International Conference on Machine Learning},
	editor = {Meila, Marina and Zhang, Tong},
	month = {18--24 Jul},
	pages = {4629--4640},
	pdf = {http://proceedings.mlr.press/v139/izmailov21a/izmailov21a.pdf},
	publisher = {PMLR},
	series = {Proceedings of Machine Learning Research},
	title = {What Are {B}ayesian Neural Network Posteriors Really Like?},
	url = {https://proceedings.mlr.press/v139/izmailov21a.html},
	volume = {139},
	year = {2021},
	bdsk-url-1 = {https://proceedings.mlr.press/v139/izmailov21a.html}}

	@article{bishop1998bayesian,
  title={{B}ayesian {PCA}},
  author={Bishop, Christopher},
  journal={Advances in neural information processing systems},
  volume={11},
  year={1998}
}

@inproceedings{alparslan2023differentially,
  title={Differentially private distributed {B}ayesian linear regression with {MCMC}},
  author={Alparslan, Baris and Y{\i}ld{\i}r{\i}m, Sinan and Birbil, Ilker},
  booktitle={International Conference on Machine Learning},
  pages={627--641},
  year={2023},
  organization={PMLR}
}

@inproceedings{bach2012equivalence,
  title={On the equivalence between herding and conditional gradient algorithms},
  author={Bach, Francis and Lacoste-Julien, Simon and Obozinski, Guillaume},
  booktitle={Proceedings of the 29th International Coference on International Conference on Machine Learning},
  pages={1355--1362},
  year={2012}
}
@inproceedings{titsias2009variational,
  title={Variational learning of inducing variables in sparse Gaussian processes},
  author={Titsias, Michalis},
  booktitle={Artificial intelligence and statistics},
  pages={567--574},
  year={2009},
  organization={PMLR}
}

@article{tipping2002bayesian,
  title={{B}ayesian image super-resolution},
  author={Tipping, Michael and Bishop, Christopher},
  journal={Advances in neural information processing systems},
  volume={15},
  year={2002}
}

