%% This BibTeX bibliography file was created using BibDesk.
%% http://bibdesk.sourceforge.net/

%% Created for Julyan Arbel at 2024-01-29 14:48:47 +0100 


%% Saved with string encoding Unicode (UTF-8) 



@article{khan2023,
	author = {Mohammad Emtiyaz Khan and Havard Rue},
	date-added = {2024-01-29 14:42:15 +0100},
	date-modified = {2024-01-29 14:42:15 +0100},
	journal = {Journal of Machine Learning Research},
	number = {281},
	pages = {1--46},
	title = {The {B}ayesian Learning Rule},
	volume = {24},
	year = {2023}}

@article{douc2022solving,
	author = {Douc, Randal and Jacob, Pierre E and Lee, Anthony and Vats, Dootika},
	date-added = {2024-01-29 13:41:35 +0100},
	date-modified = {2024-01-29 13:41:35 +0100},
	journal = {arXiv preprint arXiv:2206.05691},
	title = {Solving the Poisson equation using coupled Markov chains},
	year = {2022}}

@article{gu2023,
	author = {Gu, Yuqi and Dunson, David B},
	date-added = {2024-01-29 13:39:31 +0100},
	date-modified = {2024-01-29 13:39:31 +0100},
	journal = {Journal of the Royal Statistical Society Series B: Statistical Methodology},
	number = {2},
	pages = {399--426},
	title = {{B}ayesian Pyramids: identifiable multilayer discrete latent structure models for discrete data},
	volume = {85},
	year = {2023}}

@article{papamarkou2022,
	author = {T. Papamarkou and J. Hinkle and M. T. Young and D. Womble},
	date-added = {2024-01-29 13:35:32 +0100},
	date-modified = {2024-01-29 13:35:32 +0100},
	journal = {Statistical Science},
	number = {3},
	pages = {425--442},
	title = {Challenges in {M}arkov chain {M}onte {C}arlo for {B}ayesian neural networks},
	volume = {37},
	year = {2022}}

@article{bach2017equivalence,
	author = {Bach, Francis},
	date-added = {2023-02-08 22:29:31 +0100},
	date-modified = {2023-02-08 22:29:31 +0100},
	journal = {The Journal of Machine Learning Research},
	number = {1},
	pages = {714--751},
	publisher = {JMLR. org},
	title = {On the equivalence between kernel quadrature rules and random feature expansions},
	volume = {18},
	year = {2017}}

@article{korba2020non,
	author = {Korba, A. and Salim, A. and Arbel, M. and Luise, G. and Gretton, A.},
	date-added = {2023-02-08 22:25:57 +0100},
	date-modified = {2023-02-08 22:26:27 +0100},
	journal = {Advances in Neural Information Processing Systems},
	pages = {4672--4682},
	title = {A non-asymptotic analysis for {S}tein variational gradient descent},
	volume = {33},
	year = {2020}}

@article{RiTs11,
	author = {Rigollet, P. and Tsybakov, A.},
	date-added = {2020-02-07 16:41:13 +0100},
	date-modified = {2020-02-07 16:49:05 +0100},
	journal = {The Annals of Statistics},
	number = {2},
	pages = {731--771},
	publisher = {Institute of Mathematical Statistics},
	title = {Exponential screening and optimal rates of sparse estimation},
	volume = {39},
	year = {2011}}

@article{HoGe14,
	author = {Hoffman, Matthew D and Gelman, Andrew},
	journal = {Journal of Machine Learning Research},
	number = {1},
	pages = {1593--1623},
	title = {The No-{U}-Turn sampler: adaptively setting path lengths in {H}amiltonian {M}onte {C}arlo.},
	volume = {15},
	year = {2014}}

@article{JaLeAt20,
	author = {Jacob, Pierre E and O'Leary, John and Atchad{\'e}, Yves F},
	journal = {Journal of the Royal Statistical Society: Series B (Statistical Methodology)},
	number = {3},
	pages = {543--600},
	publisher = {Wiley Online Library},
	title = {Unbiased {M}arkov Chain {M}onte {C}arlo methods with couplings},
	volume = {82},
	year = {2020}}

@inproceedings{BeBaCh20,
	author = {Belhadji, A. and Bardenet, R. and Chainais, P.},
	booktitle = {International Conference on Machine Learning (ICML)},
	date-added = {2020-06-11 12:35:59 +0200},
	date-modified = {2020-06-11 12:36:36 +0200},
	journal = {\href{https://arxiv.org/abs/1906.07832}{Arxiv preprint:1906.07832}},
	title = {Kernel interpolation with continuous volume sampling},
	year = {2020}}

@article{GrVa27,
	author = {Gr{\"u}nwald, P. and Van Ommen, T.},
	date-added = {2020-02-07 16:45:10 +0100},
	date-modified = {2020-02-07 16:49:16 +0100},
	journal = {Bayesian Analysis},
	number = {4},
	pages = {1069--1103},
	publisher = {International Society for Bayesian Analysis},
	title = {Inconsistency of {B}ayesian inference for misspecified linear models, and a proposal for repairing it},
	volume = {12},
	year = {2017}}

@inproceedings{GBLL,
	author = {Germain, P. and Bach, F. and Lacoste, A. and Lacoste-Julien, S.},
	booktitle = {Advances in Neural Information Processing Systems},
	date-added = {2020-02-07 16:50:22 +0100},
	date-modified = {2020-02-07 16:51:09 +0100},
	pages = {1884--1892},
	title = {PAC-{B}ayesian theory meets {B}ayesian inference},
	year = {2016}}

@article{miller2014inconsistency,
	author = {Miller, Jeffrey W and Harrison, Matthew T},
	journal = {The Journal of Machine Learning Research},
	number = {1},
	pages = {3333--3370},
	publisher = {JMLR. org},
	title = {{Inconsistency of Pitman-Yor process mixtures for the number of components}},
	volume = {15},
	year = {2014}}

@misc{https://doi.org/10.48550/arxiv.2107.04562,
	author = {Khan, Mohammad Emtiyaz and Rue, H{\aa}vard},
	publisher = {arXiv},
	title = {The Bayesian Learning Rule},
	url = {https://arxiv.org/abs/2107.04562},
	year = {2021},
	bdsk-url-1 = {https://arxiv.org/abs/2107.04562}}

@article{ascolani2022clustering,
	author = {Ascolani, Filippo and Lijoi, Antonio and Rebaudo, Giovanni and Zanella, Giacomo},
	journal = {Biometrika},
	title = {Clustering consistency with Dirichlet process mixtures},
	year = {2022}}
