@article{GrVa27,
	Author = {Gr{\"u}nwald, P. and Van Ommen, T.},
	Date-Added = {2020-02-07 16:45:10 +0100},
	Date-Modified = {2020-02-07 16:49:16 +0100},
	Journal = {Bayesian Analysis},
	Number = {4},
	Pages = {1069--1103},
	Publisher = {International Society for Bayesian Analysis},
	Title = {Inconsistency of {B}ayesian inference for misspecified linear models, and a proposal for repairing it},
	Volume = {12},
	Year = {2017}}

	@article{polson2011data,
	  title={Data augmentation for support vector machines},
	  author={Polson, Nicholas G and Scott, Steven L and others},
	  journal={Bayesian Analysis},
	  volume={6},
	  number={1},
	  pages={1--23},
	  year={2011},
	  publisher={International Society for Bayesian Analysis}
	}

@inproceedings{GBLL,
		Author = {Germain, P. and Bach, F. and Lacoste, A. and Lacoste-Julien, S.},
		Booktitle = {Advances in Neural Information Processing Systems},
		Date-Added = {2020-02-07 16:50:22 +0100},
		Date-Modified = {2020-02-07 16:51:09 +0100},
		Pages = {1884--1892},
		Title = {PAC-{B}ayesian theory meets {B}ayesian inference},
		Year = {2016}}


@article{cucala2009bayesian,
  title={A {B}ayesian reassessment of nearest-neighbor classification},
  author={Cucala, Lionel and Marin, Jean-Michel and Robert, Christian P and Titterington, D Michael},
  journal={Journal of the American Statistical Association},
  volume={104},
  number={485},
  pages={263--273},
  year={2009},
  publisher={Taylor \& Francis}
}


@article{RiTs11,
	Author = {Rigollet, P. and Tsybakov, A.},
	Date-Added = {2020-02-07 16:41:13 +0100},
	Date-Modified = {2020-02-07 16:49:05 +0100},
	Journal = {The Annals of Statistics},
	Number = {2},
	Pages = {731--771},
	Publisher = {Institute of Mathematical Statistics},
	Title = {Exponential screening and optimal rates of sparse estimation},
	Volume = {39},
	Year = {2011}}

@article{lopez2020decision,
  title={Decision-Making with Auto-Encoding Variational {B}ayes},
  author={Lopez, Romain and Boyeau, Pierre and Yosef, Nir and Jordan, Michael I and Regier, Jeffrey},
  journal={arXiv preprint arXiv:2002.07217},
  year={2020}
}
