%% This BibTeX bibliography file was created using BibDesk.
%% https://bibdesk.sourceforge.io/

%% Created for RÃ©mi Bardenet at 2020-02-07 17:05:57 +0100


%% Saved with string encoding Unicode (UTF-8)

@inproceedings{TeNeWe07,
	Author = {Teh, Y. W. and Newman, D. and Welling, M.},
	Booktitle = {Advances in neural information processing systems},
	Date-Added = {2020-02-07 17:02:16 +0100},
	Date-Modified = {2020-02-07 17:02:16 +0100},
	Pages = {1353--1360},
	Title = {A collapsed variational {B}ayesian inference algorithm for latent {D}irichlet allocation},
	Year = {2007}}

@article{HBWP13,
		Author = {Hoffman, M. D. and Blei, D. M. and Wang, C. and Paisley, J.},
		Date-Modified = {2019-01-10 10:19:38 +0000},
		Issue_Date = {January 2013},
		Journal = {Journal of Machine Learning Research (JMLR)},
		Month = may,
		Number = {1},
		Numpages = {45},
		Pages = {1303--1347},
		Title = {Stochastic Variational Inference},
		Volume = {14},
		Year = {2013}}

@inproceedings{RaAnJo15,
		Author = {Rabinovich, M. and Angelino, E. and Jordan, M.},
		Booktitle = {Advances in Neural Information Processing Systems},
		Date-Added = {2020-02-07 16:59:02 +0100},
		Date-Modified = {2020-02-07 17:03:07 +0100},
		Pages = {1207--1215},
		Title = {Variational consensus {M}onte {C}arlo},
		Year = {2015}}

@inproceedings{DeBa15,
			Author = {Dehaene, G. P. and Barthelm{\'e}, S.},
			Booktitle = {Advances in Neural Information Processing Systems (NIPS)},
			Date-Added = {2017-04-05 22:42:59 +0000},
			Date-Modified = {2017-04-05 22:43:19 +0000},
			Pages = {244--252},
			Title = {Bounding errors of expectation-propagation},
			Year = {2015}}
