%% This BibTeX bibliography file was created using BibDesk.
%% https://bibdesk.sourceforge.io/

%% Created for Rémi Bardenet at 2020-02-07 17:03:07 +0100


%% Saved with string encoding Unicode (UTF-8)

@inproceedings{WeTe11,
	Author = {Welling, M. and Teh, Y. W.},
	Booktitle = {Proceedings of the 28th international conference on machine learning (ICML-11)},
	Date-Added = {2020-02-07 17:00:27 +0100},
	Date-Modified = {2020-02-07 17:00:55 +0100},
	Pages = {681--688},
	Title = {Bayesian learning via stochastic gradient {L}angevin dynamics},
	Year = {2011}}

	@article{HoGe14,
	  title={The No-{U}-Turn sampler: adaptively setting path lengths in {H}amiltonian {M}onte {C}arlo.},
	  author={Hoffman, Matthew D and Gelman, Andrew},
	  journal={Journal of Machine Learning Research},
	  volume={15},
	  number={1},
	  pages={1593--1623},
	  year={2014}
	}

@article{JaLeAt20,
  title={Unbiased {M}arkov Chain {M}onte {C}arlo methods with couplings},
  author={Jacob, Pierre E and O’Leary, John and Atchad{\'e}, Yves F},
  journal={Journal of the Royal Statistical Society: Series B (Statistical Methodology)},
  volume={82},
  number={3},
  pages={543--600},
  year={2020},
  publisher={Wiley Online Library}
}

@article{Cal14,
		Author = {Calderhead, B.},
		Date-Added = {2016-10-17 19:42:37 +0000},
		Date-Modified = {2016-10-17 19:43:00 +0000},
		Journal = {Proceedings of the National Academy of Sciences},
		Number = {49},
		Pages = {17408--17413},
		Publisher = {National Acad Sciences},
		Title = {A general construction for parallelizing {M}etropolis-{H}astings algorithms},
		Volume = {111},
		Year = {2014}}
