

@inproceedings{khan2019approximate,
	Author = {Khan, Mohammad Emtiyaz E and Immer, Alexander and Abedi, Ehsan and Korzepa, Maciej},
	Booktitle = {Advances in Neural Information Processing Systems},
	Date-Added = {2020-01-29 11:14:44 +0100},
	Date-Modified = {2020-01-29 11:14:44 +0100},
	Pages = {3088--3098},
	Title = {{Approximate Inference Turns Deep Networks into Gaussian Processes}},
	Year = {2019}
}



@inproceedings{lee2018deep,
	Author = {J. Lee and J. Sohl-Dickstein and Jeffrey Pennington and Roman Novak and Sam Schoenholz and Yasaman Bahri},
	Booktitle = {International Conference on Machine Learning},
	Date-Added = {2019-07-28 11:39:02 +0200},
	Date-Modified = {2019-07-28 12:56:32 +0200},
	Title = {Deep Neural Networks as {G}aussian Processes},
	Year = {2018}}

@inproceedings{hayou2019impact,
  title={On the impact of the activation function on deep neural networks training},
  author={Hayou, Soufiane and Doucet, Arnaud and Rousseau, Judith},
  booktitle={International Conference on Machine Learning},
  pages={2672--2680},
  year={2019},
  organization={PMLR}
}


@article{wilson2020bayesian,
	author = {Wilson, Andrew Gordon and Izmailov, Pavel},
	date-added = {2020-05-05 06:59:54 +0200},
	date-modified = {2020-05-05 06:59:54 +0200},
	journal = {arXiv preprint arXiv:2002.08791},
	title = {Bayesian deep learning and a probabilistic perspective of generalization},
	year = {2020}
}


@inproceedings{welling2011bayesian,
	author = {Welling, Max and Teh, Yee W},
	booktitle = {Proceedings of the 28th international conference on machine learning (ICML-11)},
	date-added = {2020-02-26 18:24:04 +0100},
	date-modified = {2020-02-26 18:24:04 +0100},
	pages = {681--688},
	title = {Bayesian learning via stochastic gradient {L}angevin dynamics},
	year = {2011}
}


@article{khan2018fast,
	author = {Khan, Mohammad Emtiyaz and Nielsen, Didrik and Tangkaratt, Voot and Lin, Wu and Gal, Yarin and Srivastava, Akash},
	date-added = {2020-02-26 18:18:35 +0100},
	date-modified = {2020-02-26 18:18:35 +0100},
	journal = {arXiv preprint arXiv:1806.04854},
	title = {{Fast and scalable Bayesian deep learning by weight-perturbation in ADAM}},
	year = {2018}
}



@inproceedings{matthews2018gaussian,
	author = {A. Matthews and M. Rowland and J. Hron and R. Turner and Z. Ghahramani},
	booktitle = {International Conference on Learning Representations},
	date-added = {2019-07-28 11:39:02 +0200},
	date-modified = {2019-07-28 17:39:06 +0200},
	journal = {International Conference on Learning Representations},
	title = {Gaussian process behaviour in wide deep neural networks},
	volume = {1804.11271},
	year = {2018}
}

