%% This BibTeX bibliography file was created using BibDesk.
%% http://bibdesk.sourceforge.net/

%% Created for Julyan Arbel at 2023-03-07 18:00:08 +0100 


%% Saved with string encoding Unicode (UTF-8) 



@article{arbel2023primer,
	author = {Arbel, Julyan and Pitas, Konstantinos and Vladimirova, Mariia},
	date-added = {2023-03-07 16:24:00 +0100},
	date-modified = {2023-03-07 16:24:19 +0100},
	journal = {Preprint},
	title = {{A primer on Bayesian neural networks: review and debates}},
	year = {2022}}

@article{mohamed2020montecarlo,
	author = {Mohamed, Shakir and Rosca, Mihaela and Figurnov, Michael and Mnih, Andriy},
	date-added = {2023-03-07 16:18:30 +0100},
	date-modified = {2023-03-07 16:18:30 +0100},
	journal = {J. Mach. Learn. Res.},
	number = {132},
	pages = {1--62},
	title = {Monte Carlo Gradient Estimation in Machine Learning},
	volume = {21},
	year = {2020},
	bdsk-file-1 = {YnBsaXN0MDDSAQIDBFxyZWxhdGl2ZVBhdGhZYWxpYXNEYXRhXxBELi4vLi4vLi4vLi4vUmVzZWFyY2gvQmlibGlvL1BhcGVycy1iaWJkZXNrL21vaGFtZWQyMDIwbW9udGVjYXJsby5wZGZPEQHAAAAAAAHAAAIAAAxNYWNpbnRvc2ggSEQAAAAAAAAAAAAAAAAAAAAAAAAAQkQAAf////8ZbW9oYW1lZDIwMjBtb250ZWNhcmxvLnBkZgAAAAAAAAAAAAAAAAAAAAAAAAAAAAAAAAAAAAAAAAAAAAAAAAAA/////wAAAAAAAAAAAAAAAAAEAAQAAAogY3UAAAAAAAAAAAAAAAAADlBhcGVycy1iaWJkZXNrAAIAVi86VXNlcnM6amFyYmVsOkRyb3Bib3g6SnVseWFuOlJlc2VhcmNoOkJpYmxpbzpQYXBlcnMtYmliZGVzazptb2hhbWVkMjAyMG1vbnRlY2FybG8ucGRmAA4ANAAZAG0AbwBoAGEAbQBlAGQAMgAwADIAMABtAG8AbgB0AGUAYwBhAHIAbABvAC4AcABkAGYADwAaAAwATQBhAGMAaQBuAHQAbwBzAGgAIABIAEQAEgBUVXNlcnMvamFyYmVsL0Ryb3Bib3gvSnVseWFuL1Jlc2VhcmNoL0JpYmxpby9QYXBlcnMtYmliZGVzay9tb2hhbWVkMjAyMG1vbnRlY2FybG8ucGRmABMAAS8AABUAAgAN//8AAAAIAA0AGgAkAGsAAAAAAAACAQAAAAAAAAAFAAAAAAAAAAAAAAAAAAACLw==}}

@book{murphy2023probabilisticMLadvanced,
	author = {Kevin P. Murphy},
	date-added = {2023-03-07 15:18:15 +0100},
	date-modified = {2023-03-07 15:18:15 +0100},
	publisher = {MIT Press},
	title = {Probabilistic Machine Learning: Advanced Topics},
	url = {http://probml.github.io/book2},
	year = 2023,
	bdsk-url-1 = {http://probml.github.io/book2}}

@article{pitman2003poisson,
	author = {Pitman, Jim},
	date-added = {2023-03-07 10:32:09 +0100},
	date-modified = {2023-03-07 10:32:09 +0100},
	journal = {Lecture Notes-Monograph Series},
	pages = {1--34},
	publisher = {JSTOR},
	title = {Poisson-Kingman partitions},
	year = {2003},
	bdsk-file-1 = {YnBsaXN0MDDSAQIDBFxyZWxhdGl2ZVBhdGhZYWxpYXNEYXRhXxB9Li4vLi4vLi4vLi4vUmVzZWFyY2gvUHJvamVjdHMvIFB1Ymxpc2hlZC8yMDE3L0Rpc2NvdmVyeSAtIFN0YXQgU2luaWNhL2xpdGVyYXR1cmUvUGl0bWFuXzIwMDNfUG9pc3Nvbl9LaW5nbWFuX1BhcnRpdGlvbnMtMS5wZGZPEQJWAAAAAAJWAAIAAAxNYWNpbnRvc2ggSEQAAAAAAAAAAAAAAAAAAAAAAAAAQkQAAf////8fUGl0bWFuXzIwMDNfUG9pc3NvI0ZGRkZGRkZGLnBkZgAAAAAAAAAAAAAAAAAAAAAAAAAAAAAAAAAAAAAAAAAA/////wAAAAAAAAAAAAAAAAAEAAcAAAogY3UAAAAAAAAAAAAAAAAACmxpdGVyYXR1cmUAAgCPLzpVc2VyczpqYXJiZWw6RHJvcGJveDpKdWx5YW46UmVzZWFyY2g6UHJvamVjdHM6IFB1Ymxpc2hlZDoyMDE3OkRpc2NvdmVyeSAtIFN0YXQgU2luaWNhOmxpdGVyYXR1cmU6UGl0bWFuXzIwMDNfUG9pc3Nvbl9LaW5nbWFuX1BhcnRpdGlvbnMtMS5wZGYAAA4AWgAsAFAAaQB0AG0AYQBuAF8AMgAwADAAMwBfAFAAbwBpAHMAcwBvAG4AXwBLAGkAbgBnAG0AYQBuAF8AUABhAHIAdABpAHQAaQBvAG4AcwAtADEALgBwAGQAZgAPABoADABNAGEAYwBpAG4AdABvAHMAaAAgAEgARAASAI1Vc2Vycy9qYXJiZWwvRHJvcGJveC9KdWx5YW4vUmVzZWFyY2gvUHJvamVjdHMvIFB1Ymxpc2hlZC8yMDE3L0Rpc2NvdmVyeSAtIFN0YXQgU2luaWNhL2xpdGVyYXR1cmUvUGl0bWFuXzIwMDNfUG9pc3Nvbl9LaW5nbWFuX1BhcnRpdGlvbnMtMS5wZGYAABMAAS8AABUAAgAN//8AAAAIAA0AGgAkAKQAAAAAAAACAQAAAAAAAAAFAAAAAAAAAAAAAAAAAAAC/g==}}

@article{pitman1997two,
	author = {Pitman, Jim and Yor, Marc},
	date-added = {2023-03-07 10:31:46 +0100},
	date-modified = {2023-03-07 10:31:46 +0100},
	journal = {The Annals of Probability},
	number = {2},
	pages = {855--900},
	publisher = {Institute of Mathematical Statistics},
	title = {{The two-parameter Poisson-Dirichlet distribution derived from a stable subordinator}},
	volume = {25},
	year = {1997},
	bdsk-file-1 = {YnBsaXN0MDDSAQIDBFxyZWxhdGl2ZVBhdGhZYWxpYXNEYXRhXxBSLi4vLi4vLi4vLi4vUmVzZWFyY2gvQmlibGlvL090aGVyIHBhcGVycy9wYXBpZXJzIGVuIHZyYWMvMlBEIFBpdG1hbiBZb3IgMTk5Ny0xLnBkZk8RAd4AAAAAAd4AAgAADE1hY2ludG9zaCBIRAAAAAAAAAAAAAAAAAAAAAAAAABCRAAB/////xkyUEQgUGl0bWFuIFlvciAxOTk3LTEucGRmAAAAAAAAAAAAAAAAAAAAAAAAAAAAAAAAAAAAAAAAAAAAAAAAAAD/////AAAAAAAAAAAAAAAAAAQABQAACiBjdQAAAAAAAAAAAAAAAAAPcGFwaWVycyBlbiB2cmFjAAACAGQvOlVzZXJzOmphcmJlbDpEcm9wYm94Okp1bHlhbjpSZXNlYXJjaDpCaWJsaW86T3RoZXIgcGFwZXJzOnBhcGllcnMgZW4gdnJhYzoyUEQgUGl0bWFuIFlvciAxOTk3LTEucGRmAA4ANAAZADIAUABEACAAUABpAHQAbQBhAG4AIABZAG8AcgAgADEAOQA5ADcALQAxAC4AcABkAGYADwAaAAwATQBhAGMAaQBuAHQAbwBzAGgAIABIAEQAEgBiVXNlcnMvamFyYmVsL0Ryb3Bib3gvSnVseWFuL1Jlc2VhcmNoL0JpYmxpby9PdGhlciBwYXBlcnMvcGFwaWVycyBlbiB2cmFjLzJQRCBQaXRtYW4gWW9yIDE5OTctMS5wZGYAEwABLwAAFQACAA3//wAAAAgADQAaACQAeQAAAAAAAAIBAAAAAAAAAAUAAAAAAAAAAAAAAAAAAAJb}}

@article{meila2007comparing,
	author = {Meil{\u{a}}, Marina},
	date-added = {2023-03-07 10:13:17 +0100},
	date-modified = {2023-03-07 10:13:17 +0100},
	journal = {Journal of Multivariate Analysis},
	number = {5},
	pages = {873--895},
	publisher = {Elsevier},
	title = {Comparing clusterings---an information based distance},
	volume = {98},
	year = {2007}}

@article{ishwaran2001gibbs,
	author = {Ishwaran, H. and James, L.F.},
	date-added = {2023-03-07 10:11:46 +0100},
	date-modified = {2023-03-07 10:11:46 +0100},
	issn = {0162-1459},
	journal = {Journal of the American Statistical Association},
	number = {453},
	pages = {161--173},
	publisher = {ASA},
	title = {{Gibbs sampling methods for stick-breaking priors}},
	volume = {96},
	year = {2001}}

@book{ghosal2017fundamentals,
	author = {Ghosal, Subhashis and Van der Vaart, Aad},
	date-added = {2023-03-07 09:17:34 +0100},
	date-modified = {2023-03-07 09:17:34 +0100},
	publisher = {Cambridge University Press},
	title = {Fundamentals of nonparametric Bayesian inference},
	volume = {44},
	year = {2017}}

@book{Rasmussen:2006aa,
	author = {Rasmussen, Carl Edward and Williams, Christopher K. I.},
	date-added = {2023-03-06 16:44:59 +0100},
	date-modified = {2023-03-06 16:44:59 +0100},
	doi = {10.1.1.86.3414},
	publisher = {MIT Press},
	title = {{Gaussian Processes for Machine Learning}},
	year = {2006},
	bdsk-url-1 = {http://citeseerx.ist.psu.edu/viewdoc/summary?doi=10.1.1.86.3414}}

@article{teh2006hierarchical,
	author = {Teh, Y.W. and Jordan, M.I. and Beal, M.J. and Blei, D.M.},
	date-added = {2023-03-06 16:27:55 +0100},
	date-modified = {2023-03-06 16:27:55 +0100},
	issn = {0162-1459},
	journal = {Journal of the American Statistical Association},
	number = {476},
	pages = {1566--1581},
	publisher = {ASA},
	title = {{Hierarchical Dirichlet processes}},
	volume = {101},
	year = {2006},
	bdsk-file-1 = {YnBsaXN0MDDSAQIDBFxyZWxhdGl2ZVBhdGhZYWxpYXNEYXRhXxBCLi4vLi4vLi4vLi4vUmVzZWFyY2gvQmlibGlvL1BhcGVycy1iaWJkZXNrL3RlaDIwMDZoaWVyYXJjaGljYWwucGRmTxEBuAAAAAABuAACAAAMTWFjaW50b3NoIEhEAAAAAAAAAAAAAAAAAAAAAAAAAEJEAAH/////F3RlaDIwMDZoaWVyYXJjaGljYWwucGRmAAAAAAAAAAAAAAAAAAAAAAAAAAAAAAAAAAAAAAAAAAAAAAAAAAAAAP////8AAAAAAAAAAAAAAAAABAAEAAAKIGN1AAAAAAAAAAAAAAAAAA5QYXBlcnMtYmliZGVzawACAFQvOlVzZXJzOmphcmJlbDpEcm9wYm94Okp1bHlhbjpSZXNlYXJjaDpCaWJsaW86UGFwZXJzLWJpYmRlc2s6dGVoMjAwNmhpZXJhcmNoaWNhbC5wZGYADgAwABcAdABlAGgAMgAwADAANgBoAGkAZQByAGEAcgBjAGgAaQBjAGEAbAAuAHAAZABmAA8AGgAMAE0AYQBjAGkAbgB0AG8AcwBoACAASABEABIAUlVzZXJzL2phcmJlbC9Ecm9wYm94L0p1bHlhbi9SZXNlYXJjaC9CaWJsaW8vUGFwZXJzLWJpYmRlc2svdGVoMjAwNmhpZXJhcmNoaWNhbC5wZGYAEwABLwAAFQACAA3//wAAAAgADQAaACQAaQAAAAAAAAIBAAAAAAAAAAUAAAAAAAAAAAAAAAAAAAIl}}

@inproceedings{ghahramani2006infinite,
	author = {Ghahramani, Zoubin and Griffiths, Thomas L},
	booktitle = {Advances in neural information processing systems},
	date-added = {2023-03-06 16:27:39 +0100},
	date-modified = {2023-03-06 16:27:39 +0100},
	pages = {475--482},
	title = {{Infinite latent feature models and the Indian buffet process}},
	year = {2006}}

@article{deblasi2015gibbs,
	author = {De Blasi, Pierpaolo and Favaro, Stefano and Lijoi, Antonio and Mena, Rams{\'e}s H and Pr{\"{u}}nster, Igor and Ruggiero, Matteo},
	date-added = {2023-03-06 16:27:28 +0100},
	date-modified = {2023-03-06 16:27:28 +0100},
	journal = {IEEE Transactions on Pattern Analysis and Machine Intelligence},
	number = {2},
	pages = {212--229},
	publisher = {IEEE},
	title = {{Are Gibbs-type priors the most natural generalization of the Dirichlet process?}},
	volume = {37},
	year = {2015}}

@article{antoniak1974mixtures,
	author = {Antoniak, Charles E},
	date-added = {2023-03-06 16:26:58 +0100},
	date-modified = {2023-03-06 16:26:58 +0100},
	journal = {The Annals of Statistics},
	pages = {1152--1174},
	publisher = {JSTOR},
	title = {{Mixtures of Dirichlet processes with applications to Bayesian nonparametric problems}},
	year = {1974}}

@article{sethuraman1994constructive,
	author = {Sethuraman, Jayaram},
	date-added = {2023-03-06 16:20:47 +0100},
	date-modified = {2023-03-06 16:20:47 +0100},
	journal = {Statistica Sinica},
	pages = {639--650},
	title = {{A constructive definition of Dirichlet priors}},
	volume = {4},
	year = {1994},
	bdsk-file-1 = {YnBsaXN0MDDSAQIDBFxyZWxhdGl2ZVBhdGhZYWxpYXNEYXRhXxBJLi4vLi4vLi4vLi4vUmVzZWFyY2gvQmlibGlvL1BhcGVycy1iaWJkZXNrL3NldGh1cmFtYW4xOTk0Y29uc3RydWN0aXZlLnBkZk8RAdYAAAAAAdYAAgAADE1hY2ludG9zaCBIRAAAAAAAAAAAAAAAAAAAAAAAAABCRAAB/////x5zZXRodXJhbWFuMTk5NGNvbnN0cnVjdGl2ZS5wZGYAAAAAAAAAAAAAAAAAAAAAAAAAAAAAAAAAAAAAAAAAAAD/////AAAAAAAAAAAAAAAAAAQABAAACiBjdQAAAAAAAAAAAAAAAAAOUGFwZXJzLWJpYmRlc2sAAgBbLzpVc2VyczpqYXJiZWw6RHJvcGJveDpKdWx5YW46UmVzZWFyY2g6QmlibGlvOlBhcGVycy1iaWJkZXNrOnNldGh1cmFtYW4xOTk0Y29uc3RydWN0aXZlLnBkZgAADgA+AB4AcwBlAHQAaAB1AHIAYQBtAGEAbgAxADkAOQA0AGMAbwBuAHMAdAByAHUAYwB0AGkAdgBlAC4AcABkAGYADwAaAAwATQBhAGMAaQBuAHQAbwBzAGgAIABIAEQAEgBZVXNlcnMvamFyYmVsL0Ryb3Bib3gvSnVseWFuL1Jlc2VhcmNoL0JpYmxpby9QYXBlcnMtYmliZGVzay9zZXRodXJhbWFuMTk5NGNvbnN0cnVjdGl2ZS5wZGYAABMAAS8AABUAAgAN//8AAAAIAA0AGgAkAHAAAAAAAAACAQAAAAAAAAAFAAAAAAAAAAAAAAAAAAACSg==}}

@article{ewens1972sampling,
	author = {Ewens, Warren J},
	date-added = {2023-03-06 16:18:50 +0100},
	date-modified = {2023-03-06 16:18:50 +0100},
	journal = {Theoretical population biology},
	number = {1},
	pages = {87--112},
	publisher = {Elsevier},
	title = {{The sampling theory of selectively neutral alleles}},
	volume = {3},
	year = {1972}}

@article{clauset2009power,
	author = {Clauset, Aaron and Shalizi, Cosma Rohilla and Newman, Mark EJ},
	date-added = {2023-03-06 15:52:09 +0100},
	date-modified = {2023-03-06 15:52:09 +0100},
	journal = {SIAM review},
	number = {4},
	pages = {661--703},
	publisher = {SIAM},
	title = {Power-law distributions in empirical data},
	volume = {51},
	year = {2009}}

@article{newman2005power,
	author = {Newman, Mark EJ},
	date-added = {2023-03-06 15:50:15 +0100},
	date-modified = {2023-03-06 15:50:15 +0100},
	journal = {Contemporary physics},
	number = {5},
	pages = {323--351},
	publisher = {Taylor \& Francis},
	title = {{Power laws, Pareto distributions and Zipf's law}},
	volume = {46},
	year = {2005}}

@article{arbel2021BNPdensity,
	author = {Arbel, Julyan and Kon Kam King, Guillaume and Lijoi, Antonio and Nieto-Barajas, Luis E. and Pr\"{u}nster, Igor},
	date-added = {2023-03-06 15:48:49 +0100},
	date-modified = {2023-03-06 15:48:49 +0100},
	doi = {10.1111/anzs.12342},
	eprint = {2110.10019},
	issue = {3},
	journal = {Australian \& New Zealand Journal of Statistics},
	pages = {542-564},
	title = {{BNPdensity: Bayesian nonparametric mixture modeling in R}},
	volume = {63},
	year = {2021},
	bdsk-url-1 = {https://doi.org/10.1111/anzs.12342}}

@article{blei2006variational,
	author = {Blei, David M and Jordan, Michael I and others},
	date-added = {2023-03-06 15:45:18 +0100},
	date-modified = {2023-03-06 15:45:18 +0100},
	journal = {Bayesian analysis},
	number = {1},
	pages = {121--144},
	title = {{Variational inference for Dirichlet process mixtures}},
	volume = {1},
	year = {2006},
	bdsk-file-1 = {YnBsaXN0MDDSAQIDBFxyZWxhdGl2ZVBhdGhZYWxpYXNEYXRhXxBCLi4vLi4vLi4vLi4vUmVzZWFyY2gvQmlibGlvL1BhcGVycy1iaWJkZXNrL2JsZWkyMDA2dmFyaWF0aW9uYWwucGRmTxEBuAAAAAABuAACAAAMTWFjaW50b3NoIEhEAAAAAAAAAAAAAAAAAAAAAAAAAEJEAAH/////F2JsZWkyMDA2dmFyaWF0aW9uYWwucGRmAAAAAAAAAAAAAAAAAAAAAAAAAAAAAAAAAAAAAAAAAAAAAAAAAAAAAP////8AAAAAAAAAAAAAAAAABAAEAAAKIGN1AAAAAAAAAAAAAAAAAA5QYXBlcnMtYmliZGVzawACAFQvOlVzZXJzOmphcmJlbDpEcm9wYm94Okp1bHlhbjpSZXNlYXJjaDpCaWJsaW86UGFwZXJzLWJpYmRlc2s6YmxlaTIwMDZ2YXJpYXRpb25hbC5wZGYADgAwABcAYgBsAGUAaQAyADAAMAA2AHYAYQByAGkAYQB0AGkAbwBuAGEAbAAuAHAAZABmAA8AGgAMAE0AYQBjAGkAbgB0AG8AcwBoACAASABEABIAUlVzZXJzL2phcmJlbC9Ecm9wYm94L0p1bHlhbi9SZXNlYXJjaC9CaWJsaW8vUGFwZXJzLWJpYmRlc2svYmxlaTIwMDZ2YXJpYXRpb25hbC5wZGYAEwABLwAAFQACAA3//wAAAAgADQAaACQAaQAAAAAAAAIBAAAAAAAAAAUAAAAAAAAAAAAAAAAAAAIl}}

@article{neal2000markov,
	author = {Neal, Radford M},
	date-added = {2023-03-06 15:41:41 +0100},
	date-modified = {2023-03-06 15:41:41 +0100},
	journal = {Journal of computational and graphical statistics},
	number = {2},
	pages = {249--265},
	publisher = {Taylor \& Francis Group},
	title = {{Markov chain sampling methods for Dirichlet process mixture models}},
	volume = {9},
	year = {2000},
	bdsk-file-1 = {YnBsaXN0MDDSAQIDBFxyZWxhdGl2ZVBhdGhZYWxpYXNEYXRhXxA9Li4vLi4vLi4vLi4vUmVzZWFyY2gvQmlibGlvL1BhcGVycy1iaWJkZXNrL25lYWwyMDAwbWFya292LnBkZk8RAaYAAAAAAaYAAgAADE1hY2ludG9zaCBIRAAAAAAAAAAAAAAAAAAAAAAAAABCRAAB/////xJuZWFsMjAwMG1hcmtvdi5wZGYAAAAAAAAAAAAAAAAAAAAAAAAAAAAAAAAAAAAAAAAAAAAAAAAAAAAAAAAAAAD/////AAAAAAAAAAAAAAAAAAQABAAACiBjdQAAAAAAAAAAAAAAAAAOUGFwZXJzLWJpYmRlc2sAAgBPLzpVc2VyczpqYXJiZWw6RHJvcGJveDpKdWx5YW46UmVzZWFyY2g6QmlibGlvOlBhcGVycy1iaWJkZXNrOm5lYWwyMDAwbWFya292LnBkZgAADgAmABIAbgBlAGEAbAAyADAAMAAwAG0AYQByAGsAbwB2AC4AcABkAGYADwAaAAwATQBhAGMAaQBuAHQAbwBzAGgAIABIAEQAEgBNVXNlcnMvamFyYmVsL0Ryb3Bib3gvSnVseWFuL1Jlc2VhcmNoL0JpYmxpby9QYXBlcnMtYmliZGVzay9uZWFsMjAwMG1hcmtvdi5wZGYAABMAAS8AABUAAgAN//8AAAAIAA0AGgAkAGQAAAAAAAACAQAAAAAAAAAFAAAAAAAAAAAAAAAAAAACDg==}}

@inproceedings{miller2013simple,
	author = {Miller, Jeffrey W and Harrison, Matthew T},
	booktitle = {Advances in neural information processing systems},
	date-added = {2023-03-06 15:40:34 +0100},
	date-modified = {2023-03-06 15:40:34 +0100},
	pages = {199--206},
	title = {{A simple example of Dirichlet process mixture inconsistency for the number of components}},
	year = {2013},
	bdsk-file-1 = {YnBsaXN0MDDSAQIDBFxyZWxhdGl2ZVBhdGhZYWxpYXNEYXRhXxCALi4vLi4vLi4vLi4vUmVzZWFyY2gvUHJvamVjdHMvIE90aGVycy8gT2xkIHJhbmRvbSBwcm9qZWN0cy9LIGNvbnNpc3RlbmN5L2VzdGltYXRpbmcgSy9saXRlcmF0dXJlL01pbGxlciBIYXJyaXNvbiBOSVBTIDIwMTMtMS5wZGZPEQJAAAAAAAJAAAIAAAxNYWNpbnRvc2ggSEQAAAAAAAAAAAAAAAAAAAAAAAAAQkQAAf////8fTWlsbGVyIEhhcnJpc29uIE5JUFMgMjAxMy0xLnBkZgAAAAAAAAAAAAAAAAAAAAAAAAAAAAAAAAAAAAAAAAAA/////wAAAAAAAAAAAAAAAAAEAAgAAAogY3UAAAAAAAAAAAAAAAAACmxpdGVyYXR1cmUAAgCSLzpVc2VyczpqYXJiZWw6RHJvcGJveDpKdWx5YW46UmVzZWFyY2g6UHJvamVjdHM6IE90aGVyczogT2xkIHJhbmRvbSBwcm9qZWN0czpLIGNvbnNpc3RlbmN5OmVzdGltYXRpbmcgSzpsaXRlcmF0dXJlOk1pbGxlciBIYXJyaXNvbiBOSVBTIDIwMTMtMS5wZGYADgBAAB8ATQBpAGwAbABlAHIAIABIAGEAcgByAGkAcwBvAG4AIABOAEkAUABTACAAMgAwADEAMwAtADEALgBwAGQAZgAPABoADABNAGEAYwBpAG4AdABvAHMAaAAgAEgARAASAJBVc2Vycy9qYXJiZWwvRHJvcGJveC9KdWx5YW4vUmVzZWFyY2gvUHJvamVjdHMvIE90aGVycy8gT2xkIHJhbmRvbSBwcm9qZWN0cy9LIGNvbnNpc3RlbmN5L2VzdGltYXRpbmcgSy9saXRlcmF0dXJlL01pbGxlciBIYXJyaXNvbiBOSVBTIDIwMTMtMS5wZGYAEwABLwAAFQACAA3//wAAAAgADQAaACQApwAAAAAAAAIBAAAAAAAAAAUAAAAAAAAAAAAAAAAAAALr}}

@article{dahl2006model,
	author = {Dahl, David B},
	date-added = {2023-03-06 15:38:38 +0100},
	date-modified = {2023-03-06 15:38:38 +0100},
	journal = {Bayesian inference for gene expression and proteomics},
	pages = {201--218},
	publisher = {Citeseer},
	title = {{Model-based clustering for expression data via a Dirichlet process mixture model}},
	year = {2006}}

@article{rajkowski2019analysis,
	author = {Rajkowski, {\L}ukasz},
	date-added = {2023-03-06 14:19:38 +0100},
	date-modified = {2023-03-06 14:19:38 +0100},
	journal = {Bayesian Analysis},
	number = {2},
	pages = {477--494},
	publisher = {International Society for Bayesian Analysis},
	title = {Analysis of the maximal a posteriori partition in the Gaussian Dirichlet Process Mixture Model},
	volume = {14},
	year = {2019},
	bdsk-file-1 = {YnBsaXN0MDDSAQIDBFxyZWxhdGl2ZVBhdGhZYWxpYXNEYXRhXxBELi4vLi4vLi4vLi4vUmVzZWFyY2gvQmlibGlvL1BhcGVycy1iaWJkZXNrL3Jhamtvd3NraTIwMTlhbmFseXNpcy5wZGZPEQHAAAAAAAHAAAIAAAxNYWNpbnRvc2ggSEQAAAAAAAAAAAAAAAAAAAAAAAAAQkQAAf////8ZcmFqa293c2tpMjAxOWFuYWx5c2lzLnBkZgAAAAAAAAAAAAAAAAAAAAAAAAAAAAAAAAAAAAAAAAAAAAAAAAAA/////wAAAAAAAAAAAAAAAAAEAAQAAAogY3UAAAAAAAAAAAAAAAAADlBhcGVycy1iaWJkZXNrAAIAVi86VXNlcnM6amFyYmVsOkRyb3Bib3g6SnVseWFuOlJlc2VhcmNoOkJpYmxpbzpQYXBlcnMtYmliZGVzazpyYWprb3dza2kyMDE5YW5hbHlzaXMucGRmAA4ANAAZAHIAYQBqAGsAbwB3AHMAawBpADIAMAAxADkAYQBuAGEAbAB5AHMAaQBzAC4AcABkAGYADwAaAAwATQBhAGMAaQBuAHQAbwBzAGgAIABIAEQAEgBUVXNlcnMvamFyYmVsL0Ryb3Bib3gvSnVseWFuL1Jlc2VhcmNoL0JpYmxpby9QYXBlcnMtYmliZGVzay9yYWprb3dza2kyMDE5YW5hbHlzaXMucGRmABMAAS8AABUAAgAN//8AAAAIAA0AGgAkAGsAAAAAAAACAQAAAAAAAAAFAAAAAAAAAAAAAAAAAAACLw==}}

@article{wade2018bayesian,
	author = {Wade, Sara and Ghahramani, Zoubin},
	date-added = {2023-03-06 14:19:09 +0100},
	date-modified = {2023-03-06 14:19:09 +0100},
	journal = {Bayesian Analysis},
	number = {2},
	pages = {559--626},
	publisher = {International Society for Bayesian Analysis},
	title = {Bayesian cluster analysis: Point estimation and credible balls (with discussion)},
	volume = {13},
	year = {2018}}

@article{ferguson1973bayesian,
	author = {Ferguson, T.S.},
	date-added = {2023-03-06 14:17:45 +0100},
	date-modified = {2023-03-06 14:17:45 +0100},
	issn = {0090-5364},
	journal = {The Annals of Statistics},
	number = {2},
	pages = {209--230},
	publisher = {JSTOR},
	title = {{A Bayesian analysis of some nonparametric problems}},
	volume = {1},
	year = {1973},
	bdsk-file-1 = {YnBsaXN0MDDSAQIDBFxyZWxhdGl2ZVBhdGhZYWxpYXNEYXRhXxBDLi4vLi4vLi4vLi4vUmVzZWFyY2gvQmlibGlvL1BhcGVycy1iaWJkZXNrL2Zlcmd1c29uMTk3M2JheWVzaWFuLnBkZk8RAb4AAAAAAb4AAgAADE1hY2ludG9zaCBIRAAAAAAAAAAAAAAAAAAAAAAAAABCRAAB/////xhmZXJndXNvbjE5NzNiYXllc2lhbi5wZGYAAAAAAAAAAAAAAAAAAAAAAAAAAAAAAAAAAAAAAAAAAAAAAAAAAAD/////AAAAAAAAAAAAAAAAAAQABAAACiBjdQAAAAAAAAAAAAAAAAAOUGFwZXJzLWJpYmRlc2sAAgBVLzpVc2VyczpqYXJiZWw6RHJvcGJveDpKdWx5YW46UmVzZWFyY2g6QmlibGlvOlBhcGVycy1iaWJkZXNrOmZlcmd1c29uMTk3M2JheWVzaWFuLnBkZgAADgAyABgAZgBlAHIAZwB1AHMAbwBuADEAOQA3ADMAYgBhAHkAZQBzAGkAYQBuAC4AcABkAGYADwAaAAwATQBhAGMAaQBuAHQAbwBzAGgAIABIAEQAEgBTVXNlcnMvamFyYmVsL0Ryb3Bib3gvSnVseWFuL1Jlc2VhcmNoL0JpYmxpby9QYXBlcnMtYmliZGVzay9mZXJndXNvbjE5NzNiYXllc2lhbi5wZGYAABMAAS8AABUAAgAN//8AAAAIAA0AGgAkAGoAAAAAAAACAQAAAAAAAAAFAAAAAAAAAAAAAAAAAAACLA==}}

@article{folgoc2021mc,
	author = {Folgoc, Loic Le and Baltatzis, Vasileios and Desai, Sujal and Devaraj, Anand and Ellis, Sam and Manzanera, Octavio E Martinez and Nair, Arjun and Qiu, Huaqi and Schnabel, Julia and Glocker, Ben},
	journal = {arXiv preprint arXiv:2110.04286},
	title = {Is MC Dropout Bayesian?},
	year = {2021}}

@article{rue2009approximate,
	author = {Rue, H{\aa}vard and Martino, Sara and Chopin, Nicolas},
	journal = {Journal of the royal statistical society: Series b (statistical methodology)},
	number = {2},
	pages = {319--392},
	publisher = {Wiley Online Library},
	title = {{Approximate Bayesian inference for latent Gaussian models by using integrated nested Laplace approximations}},
	volume = {71},
	year = {2009}}

@article{hayou2022infinite-depth,
	author = {Hayou, Soufiane},
	copyright = {Creative Commons Attribution 4.0 International},
	date-added = {2022-10-25 11:28:54 +0200},
	date-modified = {2022-10-25 11:29:12 +0200},
	doi = {10.48550/ARXIV.2210.00688},
	keywords = {Machine Learning (stat.ML), Machine Learning (cs.LG), Probability (math.PR), FOS: Computer and information sciences, FOS: Computer and information sciences, FOS: Mathematics, FOS: Mathematics},
	publisher = {arXiv},
	title = {On the infinite-depth limit of finite-width neural networks},
	url = {https://arxiv.org/abs/2210.00688},
	year = {2022},
	bdsk-url-1 = {https://arxiv.org/abs/2210.00688},
	bdsk-url-2 = {https://doi.org/10.48550/ARXIV.2210.00688}}

@article{de2017programming,
	author = {de Valpine, Perry and Turek, Daniel and Paciorek, Christopher J and Anderson-Bergman, Clifford and Lang, Duncan Temple and Bodik, Rastislav},
	journal = {Journal of Computational and Graphical Statistics},
	number = {2},
	pages = {403--413},
	publisher = {Taylor \& Francis},
	title = {{Programming with models: writing statistical algorithms for general model structures with NIMBLE}},
	volume = {26},
	year = {2017}}

@article{blei2017variational,
	author = {Blei, David M and Kucukelbir, Alp and McAuliffe, Jon D},
	journal = {Journal of the American Statistical Association},
	number = {518},
	pages = {859--877},
	title = {Variational inference: A review for statisticians},
	volume = {112},
	year = {2017}}

@article{li2015stochastic,
	author = {Li, Yingzhen and Hern{\'a}ndez-Lobato, Jos{\'e} Miguel and Turner, Richard E},
	journal = {Advances in Neural Information Processing Systems},
	title = {Stochastic expectation propagation},
	year = {2015}}

@article{kohler2021rate,
	author = {Kohler, Michael and Langer, Sophie},
	journal = {The Annals of Statistics},
	number = {4},
	pages = {2231--2249},
	title = {On the rate of convergence of fully connected deep neural network regression estimates},
	volume = {49},
	year = {2021}}

@article{cherief2020convergence,
	author = {Ch{\'e}rief-Abdellatif, Badr-Eddine},
	journal = {International Conference on Machine Learning},
	title = {Convergence rates of variational inference in sparse deep learning},
	year = {2020}}

@inproceedings{suzuki2018adaptivity,
	author = {Suzuki, Taiji},
	booktitle = {International Conference on Learning Representations},
	title = {Adaptivity of deep {ReLU} network for learning in {B}esov and mixed smooth {B}esov spaces: optimal rate and curse of dimensionality},
	year = {2018}}

@rticle{franssen2022uncertaintyBNN,
	author = {Franssen, Stefan and Szab{\'o}, Botond},
	journal = {arXiv preprint arXiv:2204.12735},
	title = {Uncertainty Quantification for nonparametric regression using Empirical Bayesian neural networks},
	year = {2022}}

@inproceedings{vladimirova2019bayesian,
	author = {Vladimirova, Mariia and Verbeek, Jakob and Mesejo, Pablo and Arbel, Julyan},
	booktitle = {International Conference on Machine Learning},
	title = {Understanding priors in {B}ayesian neural networks at the unit level},
	year = {2019}}

@article{vladimirova2020sub,
	author = {Vladimirova, Mariia and Girard, St{\'e}phane and Nguyen, Hien and Arbel, Julyan},
	journal = {Stat},
	number = {1},
	pages = {e318},
	publisher = {Wiley Online Library},
	title = {Sub-{W}eibull distributions: Generalizing sub-{G}aussian and sub-Exponential properties to heavier tailed distributions},
	volume = {9},
	year = {2020}}

@inproceedings{vladimirova2021generalized,
	author = {Vladimirova, Mariia and Arbel, Julyan and Girard, St{\'e}phane},
	booktitle = {JDS 2021: 52{\`e}mes Journ{\'e}es de Statistique de la Soci{\'e}t{\'e} Fran{\c{c}}aise de Statistique (SFdS)},
	title = {Generalized {W}eibull-tail distributions},
	year = {2021}}

@inproceedings{vladimirova2021bayesian,
	author = {Vladimirova, Mariia and Arbel, Julyan and Girard, St{\'e}phane},
	booktitle = {Asian Conference on Machine Learning},
	title = {Bayesian neural network unit priors and generalized {W}eibull-tail property},
	year = {2021}}

@inproceedings{vladimirova2021dependence,
	author = {Vladimirova, Mariia and Arbel, Julyan and Girard, St{\'e}phane},
	booktitle = {{NeurIPS} Workshop on {B}ayesian Deep Learning},
	title = {Dependence between {B}ayesian neural network units},
	year = {2021}}

@article{cui2021informative,
	author = {Cui, Tianyu and Havulinna, Aki and Marttinen, Pekka and Kaski, Samuel},
	journal = {Bayesian Analysis},
	number = {1},
	pages = {1--31},
	publisher = {International Society for Bayesian Analysis},
	title = {{Informative Bayesian Neural Network Priors for Weak Signals}},
	volume = {1},
	year = {2021}}

@article{amodei2016concrete,
	author = {Amodei, Dario and Olah, Chris and Steinhardt, Jacob and Christiano, Paul and Schulman, John and Man{\'e}, Dan},
	journal = {arXiv preprint arXiv:1606.06565},
	title = {Concrete problems in {AI} safety},
	year = {2016}}

@book{billingsley1986probability,
	author = {Billingsley, Patrick},
	publisher = {John Wiley \& Sons},
	title = {Probability and Measure},
	year = {1986}}

@article{mnih2015human,
	author = {Mnih, Volodymyr and Kavukcuoglu, Koray and Silver, David and Rusu, Andrei A and Veness, Joel and Bellemare, Marc G and Graves, Alex and Riedmiller, Martin and Fidjeland, Andreas K and Ostrovski, Georg},
	journal = {Nature},
	number = {7540},
	pages = {529--533},
	title = {Human-level control through deep reinforcement learning},
	volume = {518},
	year = {2015}}

@inproceedings{rockova2018posterior,
	author = {Polson, Nicolas and Rockova, Veronika},
	booktitle = {Advances in Neural Information Processing Systems},
	title = {Posterior concentration for sparse deep learning},
	year = {2018}}

@article{schmidt2017nonparametric,
	author = {Schmidt-Hieber, Johannes},
	journal = {Annals of Statistics},
	number = {4},
	title = {Nonparametric regression using deep neural networks with {ReLU} activation function},
	volume = {48},
	year = {2020}}

@article{szabo2015frequentist,
	author = {Szab{\'o}, Botond and van der Vaart, Aad W and van Zanten, JH},
	journal = {The Annals of Statistics},
	number = {4},
	pages = {1391--1428},
	title = {Frequentist coverage of adaptive nonparametric {B}ayesian credible sets},
	volume = {43},
	year = {2015}}

@article{hadji2021can,
	author = {Hadji, Amine and Szab{\'o}, Botond},
	journal = {Journal on Uncertainty Quantification},
	number = {1},
	pages = {185--230},
	title = {Can we trust {B}ayesian uncertainty quantification from {G}aussian process priors with squared exponential covariance kernel?},
	volume = {9},
	year = {2021}}

@article{van2017uncertainty,
	author = {Van der Pas, St{\'e}phanie and Szab{\'o}, Botond and Van der Vaart, Aad},
	journal = {Bayesian Analysis},
	number = {4},
	pages = {1221--1274},
	title = {Uncertainty quantification for the horseshoe (with discussion)},
	volume = {12},
	year = {2017}}

@inproceedings{guo2017calibration,
	author = {Guo, Chuan and Pleiss, Geoff and Sun, Yu and Weinberger, Kilian Q},
	booktitle = {International Conference on Machine Learning},
	title = {On calibration of modern neural networks},
	year = {2017}}

@book{robert2007bayesian,
	author = {Robert, Christian},
	publisher = {Springer Science \& Business Media},
	title = {The {B}ayesian choice: from decision-theoretic foundations to computational implementation},
	year = {2007}}

@article{dandekar2020bayesian,
	author = {Dandekar, Raj and Chung, Karen and Dixit, Vaibhav and Tarek, Mohamed and Garcia-Valadez, Aslan and Vemula, Krishna Vishal and Rackauckas, Chris},
	journal = {arXiv preprint arXiv:2012.07244},
	title = {Bayesian neural ordinary differential equations},
	year = {2020}}

@inproceedings{flam2017mapping,
	author = {Flam-Shepherd, Daniel and Requeima, James and Duvenaud, David},
	booktitle = {NeurIPS Workshop on Bayesian Deep Learning},
	title = {Mapping {G}aussian process priors to {B}ayesian neural networks},
	year = {2017}}

@inproceedings{flam2018characterizing,
	author = {Flam-Shepherd, Daniel and Requeima, James and Duvenaud, David},
	booktitle = {NeurIPS Workshop on Bayesian Deep Learning},
	title = {Characterizing and warping the function space of {B}ayesian neural networks},
	year = {2018}}

@article{antognini2019finite,
	author = {Antognini, Joseph M},
	journal = {ICML Workshop on Theoretical Physics for Deep Learning},
	title = {Finite size corrections for neural network {G}aussian processes},
	year = {2019}}

@inproceedings{dyer2020asymptotics,
	author = {Dyer, Ethan and Gur-Ari, Guy},
	booktitle = {International Conference on Learning Representations},
	title = {Asymptotics of Wide Networks from {F}eynman Diagrams},
	year = {2020}}

@article{tran2020all,
	author = {Tran, Ba-Hien and Rossi, Simone and Milios, Dimitrios and Filippone, Maurizio},
	journal = {arXiv preprint arXiv:2011.12829},
	title = {All you need is a good functional prior for {B}ayesian deep learning},
	year = {2020}}

@article{matsubara2021ridgelet,
	author = {Matsubara, Takuo and Oates, Chris J and Briol, Fran{\c{c}}ois-Xavier},
	journal = {The Journal of Machine Learning Research},
	pages = {1--57},
	title = {The {R}idgelet prior: A covariance function approach to prior specification for {B}ayesian neural networks},
	volume = {22},
	year = {2021}}

@article{liu2020gaussian,
	author = {Liu, Haitao and Ong, Yew-Soon and Shen, Xiaobo and Cai, Jianfei},
	journal = {IEEE Transactions on Neural Networks and Learning Systems},
	number = {11},
	pages = {4405--4423},
	title = {When {G}aussian process meets big data: A review of scalable {GP}s},
	volume = {31},
	year = {2020}}

@article{xu2021infinitely,
	author = {Xu, Winnie and Chen, Ricky TQ and Li, Xuechen and Duvenaud, David},
	journal = {arXiv preprint arXiv:2102.06559},
	title = {Infinitely deep {B}ayesian neural networks with stochastic differential equations},
	year = {2021}}

@article{yildiz2019ode2vae,
	author = {Yildiz, Cagatay and Heinonen, Markus and L{\"a}hdesm{\"a}ki, Harri},
	journal = {Advances in Neural Information Processing Systems},
	title = {{ODE2VAE}: Deep generative second order {ODE}s with {B}ayesian neural networks},
	year = {2019}}

@article{gawlikowski2021survey,
	author = {Gawlikowski, Jakob and Tassi, Cedrique Rovile Njieutcheu and Ali, Mohsin and Lee, Jongseok and Humt, Matthias and Feng, Jianxiang and Kruspe, Anna and Triebel, Rudolph and Jung, Peter and Roscher, Ribana},
	journal = {arXiv preprint arXiv:2107.03342},
	title = {A survey of uncertainty in deep neural networks},
	year = {2021}}

@inproceedings{kristiadi2020being,
	author = {Kristiadi, Agustinus and Hein, Matthias and Hennig, Philipp},
	booktitle = {International Conference on Machine Learning},
	pages = {5436--5446},
	title = {Being {B}ayesian, even just a bit, fixes overconfidence in {ReLU} networks},
	year = {2020}}

@inproceedings{du2019gradient,
	author = {Du, Simon and Lee, Jason and Li, Haochuan and Wang, Liwei and Zhai, Xiyu},
	booktitle = {International Conference on Machine Learning},
	title = {Gradient descent finds global minima of deep neural networks},
	year = {2019}}

@article{lee2019wide,
	author = {Lee, Jaehoon and Xiao, Lechao and Schoenholz, Samuel and Bahri, Yasaman and Novak, Roman and Sohl-Dickstein, Jascha and Pennington, Jeffrey},
	journal = {Advances in Neural Information Processing Systems},
	pages = {8572--8583},
	title = {Wide neural networks of any depth evolve as linear models under gradient descent},
	volume = {32},
	year = {2019}}

@inproceedings{yaida2020non,
	author = {Yaida, Sho},
	booktitle = {Mathematical and Scientific Machine Learning},
	title = {Non-{G}aussian processes and neural networks at finite widths},
	year = {2020}}

@inproceedings{ulyanov2018deep,
	author = {Ulyanov, Dmitry and Vedaldi, Andrea and Lempitsky, Victor},
	booktitle = {Computer Vision and Pattern Recognition},
	title = {Deep image prior},
	year = {2018}}

@article{lu2019dying,
	author = {Lu, Lu and Shin, Yeonjong and Su, Yanhui and Karniadakis, George Em},
	journal = {Communications in Computational Physics},
	number = {5},
	pages = {1671--1706},
	title = {Dying {ReLU} and initialization: Theory and numerical examples},
	volume = {28},
	year = {2020}}

@article{foong2020expressiveness,
	author = {Foong, Andrew YK and Burt, David R and Li, Yingzhen and Turner, Richard E},
	journal = {Advances in Neural Information Processing Systems},
	title = {On the expressiveness of approximate inference in {B}ayesian neural networks},
	year = {2020}}

@inproceedings{novak2020bayesian,
	author = {Novak, Roman and Xiao, Lechao and Bahri, Yasaman and Lee, Jaehoon and Yang, Greg and Hron, Jiri and Abolafia, Daniel A and Pennington, Jeffrey and Sohl-dickstein, Jascha},
	booktitle = {ICML Workshop on Uncertainty and Robustness in Deep Learning},
	title = {Bayesian Deep Convolutional Networks with Many Channels are {G}aussian Processes},
	year = {2020}}

@article{khan2021knowledge,
	author = {Khan, Mohammad Emtiyaz and Swaroop, Siddharth},
	journal = {Advances in Neural Information Processing Systems},
	title = {Knowledge-Adaptation Priors},
	year = {2021}}

@article{zhang2017understanding,
	author = {Zhang, Chiyuan and Bengio, Samy and Hardt, Moritz and Recht, Benjamin and Vinyals, Oriol},
	journal = {International Conference on Learning Representations},
	title = {Understanding deep learning requires rethinking generalization},
	year = {2017}}

@article{zhang2021understanding,
	author = {Zhang, Chiyuan and Bengio, Samy and Hardt, Moritz and Recht, Benjamin and Vinyals, Oriol},
	journal = {Communications of the ACM},
	number = {3},
	pages = {107--115},
	title = {Understanding deep learning (still) requires rethinking generalization},
	volume = {64},
	year = {2021}}

@inproceedings{garriga2019deep,
	author = {Garriga-Alonso, Adri{\`a} and Rasmussen, Carl Edward and Aitchison, Laurence},
	booktitle = {International Conference on Learning Representations},
	title = {Deep Convolutional Networks as shallow {G}aussian Processes},
	year = {2019}}

@inproceedings{arora2019exact,
	author = {Arora, Sanjeev and Du, Simon S and Hu, Wei and Li, Zhiyuan and Salakhutdinov, Ruslan and Wang, Ruosong},
	booktitle = {Advances in Neural Information Processing Systems},
	title = {On exact computation with an infinitely wide neural net},
	year = {2019}}

@inproceedings{huang2020dynamics,
	author = {Huang, Jiaoyang and Yau, Horng-Tzer},
	booktitle = {International Conference on Machine Learning},
	title = {Dynamics of deep neural networks and neural tangent hierarchy},
	year = {2020}}

@article{soudry2018implicit,
	author = {Soudry, Daniel and Hoffer, Elad and Nacson, Mor Shpigel and Gunasekar, Suriya and Srebro, Nathan},
	journal = {The Journal of Machine Learning Research},
	number = {1},
	pages = {2822--2878},
	title = {The implicit bias of gradient descent on separable data},
	volume = {19},
	year = {2018}}

@article{gunasekar2018implicit,
	author = {Gunasekar, Suriya and Lee, Jason and Soudry, Daniel and Srebro, Nathan},
	journal = {In Advances in Neural Information Processing Systems},
	title = {Implicit bias of gradient descent on linear convolutional networks},
	year = {2018}}

@inproceedings{adlam2020exploring,
	author = {Adlam, Ben and Lee, Jaehoon and Xiao, Lechao and Pennington, Jeffrey and Snoek, Jasper},
	booktitle = {International Conference on Learning Representations},
	title = {Exploring the Uncertainty Properties of Neural Networks' Implicit Priors in the Infinite-Width Limit},
	year = {2020}}

@article{naveh2020predicting,
	author = {Naveh, Gadi and Ben-David, Oded and Sompolinsky, Haim and Ringel, Zohar},
	journal = {arXiv preprint arXiv:2004.01190},
	title = {Predicting the outputs of finite networks trained with noisy gradients},
	year = {2020}}

@article{yosinski2014transferable,
	author = {Yosinski, Jason and Clune, Jeff and Bengio, Yoshua and Lipson, Hod},
	journal = {Advances in Neural Information Processing Systems},
	pages = {3320--3328},
	title = {How transferable are features in deep neural networks?},
	volume = {27},
	year = {2014}}

@book{gelman2013bayesian,
	author = {Gelman, Andrew and Carlin, John B and Stern, Hal S and Dunson, David B and Vehtari, Aki and Rubin, Donald B},
	publisher = {CRC Press},
	title = {Bayesian Data Analysis},
	year = {2013}}

@article{mingard2021sgd,
	author = {Mingard, Chris and Valle-P{\'e}rez, Guillermo and Skalse, Joar and Louis, Ard A},
	journal = {Journal of Machine Learning Research},
	number = {79},
	pages = {1--64},
	title = {Is {SGD} a {B}ayesian sampler? {W}ell, almost},
	volume = {22},
	year = {2021}}

@article{yang2019tensor,
	author = {Yang, Greg},
	journal = {Advances in Neural Information Processing Systems},
	title = {Tensor Programs I: Wide Feedforward or Recurrent Neural Networks of Any Architecture are Gaussian Processes},
	year = {2019}}

@article{hron2020exact,
	author = {Hron, Jiri and Bahri, Yasaman and Novak, Roman and Pennington, Jeffrey and Sohl-Dickstein, Jascha},
	journal = {ICML Workshop on Uncertainty and Robustness in Deep Learning},
	title = {Exact posterior distributions of wide {B}ayesian neural networks},
	year = {2020}}

@article{nakkiran2021deep,
	author = {Nakkiran, Preetum and Kaplun, Gal and Bansal, Yamini and Yang, Tristan and Barak, Boaz and Sutskever, Ilya},
	journal = {Journal of Statistical Mechanics: Theory and Experiment},
	number = {12},
	pages = {124003},
	title = {Deep double descent: Where bigger models and more data hurt},
	volume = {2021},
	year = {2021}}

@article{funahashi1989approximate,
	author = {Funahashi, Ken-Ichi},
	journal = {Neural Networks},
	number = {3},
	pages = {183--192},
	publisher = {Elsevier},
	title = {On the approximate realization of continuous mappings by neural networks},
	volume = {2},
	year = {1989}}

@article{hornik1989multilayer,
	author = {Hornik, Kurt and Stinchcombe, Maxwell and White, Halbert},
	journal = {Neural Networks},
	number = {5},
	pages = {359--366},
	publisher = {Elsevier},
	title = {Multilayer feedforward networks are universal approximators},
	volume = {2},
	year = {1989}}

@inproceedings{telgarsky2016benefits,
	author = {Telgarsky, Matus},
	booktitle = {Conference on Learning Theory},
	title = {Benefits of depth in neural networks},
	year = {2016}}

@inproceedings{lloyd2014automatic,
	author = {Lloyd, James and Duvenaud, David and Grosse, Roger and Tenenbaum, Joshua and Ghahramani, Zoubin},
	booktitle = {International Conference on Artificial Intelligence and Statistics},
	title = {Automatic construction and natural-language description of nonparametric regression models},
	year = {2014}}

@inproceedings{sun2018differentiable,
	author = {Sun, Shengyang and Zhang, Guodong and Wang, Chaoqi and Zeng, Wenyuan and Li, Jiaman and Grosse, Roger},
	booktitle = {International Conference on Machine Learning},
	title = {Differentiable compositional kernel learning for {G}aussian processes},
	year = {2018}}

@article{sun2019functional,
	author = {Sun, Shengyang and Zhang, Guodong and Shi, Jiaxin and Grosse, Roger},
	journal = {International Conference on Learning Representations},
	title = {Functional variational {B}ayesian neural networks},
	year = {2019}}

@phdthesis{gal2016uncertainty,
	author = {Gal, Yarin},
	school = {University of Cambridge},
	title = {Uncertainty in deep learning},
	year = {2016}}

@article{khan2021bayesian,
	author = {Khan, Mohammad Emtiyaz and Rue, H{\aa}vard},
	journal = {arXiv preprint arXiv:2107.04562},
	title = {The {B}ayesian learning rule},
	year = {2021}}

@article{montavon2018methods,
	author = {Montavon, Gr{\'e}goire and Samek, Wojciech and M{\"u}ller, Klaus-Robert},
	journal = {Digital Signal Processing},
	pages = {1--15},
	publisher = {Elsevier},
	title = {Methods for interpreting and understanding deep neural networks},
	volume = {73},
	year = {2018}}

@article{lipton2018mythos,
	author = {Lipton, Zachary C},
	journal = {Queue},
	number = {3},
	pages = {31--57},
	publisher = {ACM New York, NY, USA},
	title = {The Mythos of Model Interpretability: In machine learning, the concept of interpretability is both important and slippery.},
	volume = {16},
	year = {2018}}

@inproceedings{selvaraju2017grad,
	author = {Selvaraju, Ramprasaath R and Cogswell, Michael and Das, Abhishek and Vedantam, Ramakrishna and Parikh, Devi and Batra, Dhruv},
	booktitle = {International Conference on Computer Vision},
	title = {Grad-cam: Visual explanations from deep networks via gradient-based localization},
	year = {2017}}

@article{neyshabur2015search,
	author = {Neyshabur, Behnam and Tomioka, Ryota and Srebro, Nathan},
	journal = {International Conference on Learning Representations},
	title = {In search of the real inductive bias: On the role of implicit regularization in deep learning},
	year = {2015}}

@inproceedings{cohen2016group,
	author = {Cohen, Taco and Welling, Max},
	booktitle = {International Conference on Machine Learning},
	title = {Group equivariant convolutional networks},
	year = {2016}}

@article{allen2019learning,
	author = {Allen-Zhu, Zeyuan and Li, Yuanzhi and Liang, Yingyu},
	journal = {Advances in Neural Information Processing Systems},
	title = {Learning and generalization in overparameterized neural networks, going beyond two layers},
	year = {2019}}

@article{bietti2019inductive,
	author = {Bietti, Alberto and Mairal, Julien},
	journal = {Advances in Neural Information Processing Systems},
	title = {On the inductive bias of neural tangent kernels},
	year = {2019}}

@article{bietti2019group,
	author = {Bietti, Alberto and Mairal, Julien},
	journal = {The Journal of Machine Learning Research},
	number = {1},
	pages = {876--924},
	title = {Group invariance, stability to deformations, and complexity of deep convolutional representations},
	volume = {20},
	year = {2019}}

@article{geirhos2019imagenet,
	author = {Geirhos, Robert and Rubisch, Patricia and Michaelis, Claudio and Bethge, Matthias and Wichmann, Felix A and Brendel, Wieland},
	journal = {International Conference on Learning Representations},
	title = {Image{N}et-trained {CNN}s are biased towards texture; increasing shape bias improves accuracy and robustness},
	year = {2019}}

@inproceedings{vaswani2017attention,
	author = {Vaswani, Ashish and Shazeer, Noam and Parmar, Niki and Uszkoreit, Jakob and Jones, Llion and Gomez, Aidan N and Kaiser, {\L}ukasz and Polosukhin, Illia},
	booktitle = {Advances in Neural Information Processing Systems},
	title = {Attention is all you need},
	year = {2017}}

@article{dosovitskiy2021image,
	author = {Dosovitskiy, Alexey and Beyer, Lucas and Kolesnikov, Alexander and Weissenborn, Dirk and Zhai, Xiaohua and Unterthiner, Thomas and Dehghani, Mostafa and Minderer, Matthias and Heigold, Georg and Gelly, Sylvain},
	journal = {International Conference on Learning Representations},
	title = {An image is worth 16x16 words: Transformers for image recognition at scale},
	year = {2021}}

@article{li2021shape,
	author = {Li, Yingwei and Yu, Qihang and Tan, Mingxing and Mei, Jieru and Tang, Peng and Shen, Wei and Yuille, Alan and Xie, Cihang},
	journal = {International Conference on Learning Representations},
	title = {Shape-texture debiased neural network training},
	year = {2021}}

@article{d2021convit,
	author = {d'Ascoli, St{\'e}phane and Touvron, Hugo and Leavitt, Matthew and Morcos, Ari and Biroli, Giulio and Sagun, Levent},
	journal = {International Conference on Machine Learning},
	title = {Con{V}i{T}: Improving vision transformers with soft convolutional inductive biases},
	year = {2021}}

@article{morrison2021exploring,
	author = {Morrison, Katelyn and Gilby, Benjamin and Lipchak, Colton and Mattioli, Adam and Kovashka, Adriana},
	journal = {arXiv preprint arXiv:2106.13122},
	title = {Exploring Corruption Robustness: Inductive Biases in Vision Transformers and {MLP}-Mixers},
	year = {2021}}

@article{lecun1989backpropagation,
	author = {LeCun, Yann and Boser, Bernhard and Denker, John S and Henderson, Donnie and Howard, Richard E and Hubbard, Wayne and Jackel, Lawrence D},
	journal = {Neural Computation},
	number = {4},
	pages = {541--551},
	title = {Backpropagation applied to handwritten zip code recognition},
	volume = {1},
	year = {1989}}

@book{Bishop1995,
	author = {Bishop, Christopher M.},
	publisher = {Oxford University Press},
	title = {Neural Networks for Pattern Recognition},
	year = {1995}}

@inproceedings{Krogh1991,
	author = {Krogh, Anders and Hertz, John A.},
	booktitle = {Advances in Neural Information Processing Systems},
	title = {A Simple Weight Decay Can Improve Generalization},
	year = {1991}}

@book{goodfellow2016deep,
	author = {Goodfellow, Ian and Bengio, Yoshua and Courville, Aaron},
	publisher = {MIT press},
	title = {Deep learning},
	year = {2016}}

@article{silver2016mastering,
	author = {Silver, David and Huang, Aja and Maddison, Chris J and Guez, Arthur and Sifre, Laurent and Van Den Driessche, George and Schrittwieser, Julian and Antonoglou, Ioannis and Panneershelvam, Veda and Lanctot, Marc},
	journal = {Nature},
	number = {7587},
	pages = {484--489},
	publisher = {Nature Research},
	title = {Mastering the game of {Go} with deep neural networks and tree search},
	volume = {529},
	year = {2016}}

@inproceedings{Krizhevsky2012,
	author = {Krizhevsky, Alex and Sutskever, Ilya and Hinton, Geoffrey E.},
	booktitle = {Advances in Neural Information Processing Systems},
	title = {Image{N}et Classification with Deep Convolutional Neural Networks},
	year = {2012}}

@inproceedings{Graves2013,
	author = {Alex Graves and Abdel{-}rahman Mohamed and Geoffrey E. Hinton},
	booktitle = {International Conference on Acoustics, Speech and Signal Processing},
	title = {Speech recognition with deep recurrent neural networks},
	year = {2013}}

@article{rosenblatt1958perceptron,
	author = {Rosenblatt, Frank},
	journal = {Psychological review},
	number = {6},
	pages = {386},
	publisher = {American Psychological Association},
	title = {The perceptron: a probabilistic model for information storage and organization in the brain},
	volume = {65},
	year = {1958}}

@article{mackay1992practical,
	author = {MacKay, David JC},
	journal = {Neural Computation},
	number = {3},
	pages = {448--472},
	title = {A practical {B}ayesian framework for backpropagation networks},
	volume = {4},
	year = {1992}}

@techreport{neal1992bayesian,
	author = {Neal, Radford M},
	institution = {Citeseer},
	title = {Bayesian training of backpropagation networks by the hybrid {M}onte {C}arlo method},
	year = {1992}}

@inproceedings{neal1993bayesian,
	author = {Neal, Radford M},
	booktitle = {Advances in Neural Information Processing Systems},
	title = {Bayesian learning via stochastic dynamics},
	year = {1993}}

@book{bishop1995neural,
	author = {Bishop, Christopher},
	publisher = {PhD thesis, Oxford University Press},
	title = {Neural networks for pattern recognition},
	year = {1995}}

@inproceedings{welling2011bayesian,
	author = {Welling, Max and Teh, Yee W},
	booktitle = {International Conference on Machine Learning},
	title = {Bayesian learning via stochastic gradient {L}angevin dynamics},
	year = {2011}}

@article{blundell2015weight,
	author = {Blundell, Charles and Cornebise, Julien and Kavukcuoglu, Koray and Wierstra, Daan},
	journal = {International Conference on Machine Learning},
	title = {Weight uncertainty in neural networks},
	year = {2015}}

@inproceedings{matthewsgaussian,
	author = {Matthews, Alexander G de G and Rowland, Mark and Hron, Jiri and Turner, Richard E and Ghahramani, Zoubin},
	booktitle = {International Conference on Learning Representations},
	title = {Gaussian process behaviour in wide deep neural networks},
	year = {2018}}

@inproceedings{lee2018deep,
	author = {Jaehoon Lee and Jascha Sohl-Dickstein and Jeffrey Pennington and Roman Novak and Sam Schoenholz and Yasaman Bahri},
	booktitle = {International Conference on Learning Representations},
	title = {Deep Neural Networks as {G}aussian Processes},
	year = {2018}}

@article{sklar1959fonctions,
	author = {Sklar, M},
	journal = {Publications de l'Institut Statistique de l'Universit\'e de Paris},
	pages = {229--231},
	title = {Fonctions de repartition an dimensions et leurs marges},
	volume = {8},
	year = {1959}}

@incollection{fukushima1982neocognitron,
	author = {Fukushima, Kunihiko and Miyake, Sei},
	booktitle = {Competition and Cooperation in Neural Nets},
	pages = {267--285},
	publisher = {Springer},
	title = {Neocognitron: A self-organizing neural network model for a mechanism of visual pattern recognition},
	year = {1982}}

@article{lecun1998gradient,
	author = {LeCun, Yann and Bottou, L{\'e}on and Bengio, Yoshua and Haffner, Patrick},
	journal = {Proceedings of the IEEE},
	number = {11},
	pages = {2278--2324},
	publisher = {IEEE},
	title = {Gradient-based learning applied to document recognition},
	volume = {86},
	year = {1998}}

@article{maeda2014bayesian,
	author = {Maeda, Shin-ichi},
	journal = {arXiv preprint arXiv:1412.7003},
	title = {A {B}ayesian encourages dropout},
	year = {2014}}

@article{polson2017deep,
	author = {Polson, Nicholas G and Sokolov, Vadim},
	journal = {Bayesian Analysis},
	number = {4},
	pages = {1275--1304},
	publisher = {International Society for Bayesian Analysis},
	title = {Deep learning: A {B}ayesian perspective},
	volume = {12},
	year = {2017}}

@article{der2009aleatory,
	author = {Der Kiureghian, Armen and Ditlevsen, Ove},
	journal = {Structural safety},
	number = {2},
	pages = {105--112},
	publisher = {Elsevier},
	title = {Aleatory or epistemic? {D}oes it matter?},
	volume = {31},
	year = {2009}}

@inproceedings{bibi2018analytic,
	author = {Bibi, Adel and Alfadly, Modar and Ghanem, Bernard},
	booktitle = {Computer Vision and Pattern Recognition},
	title = {Analytic Expressions for Probabilistic Moments of {PL-DNN} with {G}aussian Input},
	year = {2018}}

@inproceedings{molchanov2017variational,
	author = {Molchanov, Dmitry and Ashukha, Arsenii and Vetrov, Dmitry},
	booktitle = {International Conference on Machine Learning},
	title = {Variational dropout sparsifies deep neural networks},
	year = {2017}}

@techreport{rumelhart1985learning,
	author = {Rumelhart, David E and Hinton, Geoffrey E and Williams, Ronald J},
	institution = {San Diego, California: Institute for Cognitive Science, University of California},
	title = {Learning internal representations by error propagation},
	year = {1985}}

@article{hochreiter1997long,
	author = {Hochreiter, Sepp and Schmidhuber, J{\"u}rgen},
	journal = {Neural Computation},
	number = {8},
	pages = {1735--1780},
	publisher = {MIT Press},
	title = {Long short-term memory},
	volume = {9},
	year = {1997}}

@inproceedings{he2016identity,
	author = {He, Kaiming and Zhang, Xiangyu and Ren, Shaoqing and Sun, Jian},
	booktitle = {European Conference on Computer Vision},
	title = {Identity mappings in deep residual networks},
	year = {2016}}

@article{abdar2021review,
	author = {Abdar, Moloud and Pourpanah, Farhad and Hussain, Sadiq and Rezazadegan, Dana and Liu, Li and Ghavamzadeh, Mohammad and Fieguth, Paul and Cao, Xiaochun and Khosravi, Abbas and Acharya, U Rajendra},
	date-added = {2021-12-02 12:01:59 -0600},
	date-modified = {2021-12-02 12:01:59 -0600},
	journal = {Information Fusion},
	publisher = {Elsevier},
	title = {A review of uncertainty quantification in deep learning: Techniques, applications and challenges},
	year = {2021}}

@article{alzubaidi2021review,
	author = {Alzubaidi, Laith and Zhang, Jinglan and Humaidi, Amjad J and Al-Dujaili, Ayad and Duan, Ye and Al-Shamma, Omran and Santamar{\'\i}a, J and Fadhel, Mohammed A and Al-Amidie, Muthana and Farhan, Laith},
	journal = {Journal of Big Data},
	number = {1},
	pages = {1--74},
	publisher = {Springer},
	title = {Review of deep learning: Concepts, {CNN} architectures, challenges, applications, future directions},
	volume = {8},
	year = {2021}}

@article{sarker2021deep,
	author = {Sarker, Iqbal H},
	journal = {SN Computer Science},
	number = {6},
	pages = {1--20},
	publisher = {Springer},
	title = {Deep learning: a comprehensive overview on techniques, taxonomy, applications and research directions},
	volume = {2},
	year = {2021}}

@inproceedings{hron2018variational,
	author = {Hron, Jiri and Matthews, Alex and Ghahramani, Zoubin},
	booktitle = {International Conference on Machine Learning},
	title = {Variational {B}ayesian dropout: pitfalls and fixes},
	year = {2018}}

@article{wager2013dropout,
	author = {Wager, Stefan and Wang, Sida and Liang, Percy S},
	journal = {Advances in Neural Information Processing Systems},
	title = {Dropout training as adaptive regularization},
	year = {2013}}

@inproceedings{kingma2015variational,
	author = {Kingma, Diederik P and Salimans, Tim and Welling, Max},
	booktitle = {Advances in Neural Information Processing Systems},
	title = {Variational dropout and the local reparameterization trick},
	year = {2015}}

@inproceedings{nalisnick2019dropout,
	author = {Nalisnick, Eric and Hern{\'a}ndez-Lobato, Jos{\'e} Miguel and Smyth, Padhraic},
	booktitle = {International Conference on Machine Learning},
	title = {Dropout as a structured shrinkage prior},
	year = {2019}}

@inproceedings{mianjy2018implicit,
	author = {Mianjy, Poorya and Arora, Raman and Vidal, Rene},
	booktitle = {International Conference on Machine Learning},
	title = {On the implicit bias of dropout},
	year = {2018}}

@inproceedings{nalisnick2021predictive,
	author = {Nalisnick, Eric and Gordon, Jonathan and Hern{\'a}ndez-Lobato, Jos{\'e} Miguel},
	booktitle = {International Conference on Artificial Intelligence and Statistics},
	title = {Predictive Complexity Priors},
	year = {2021}}

@article{wilson2020case,
	author = {Wilson, Andrew Gordon},
	journal = {arXiv preprint arXiv:2001.10995},
	title = {The case for {B}ayesian deep learning},
	year = {2020}}

@article{tibshirani1996regression,
	author = {Tibshirani, Robert},
	journal = {Journal of the Royal Statistical Society. Series B (Methodological)},
	pages = {267--288},
	title = {Regression shrinkage and selection via the {L}asso},
	year = {1996}}

@article{jordan1999introduction,
	author = {Jordan, Michael I and Ghahramani, Zoubin and Jaakkola, Tommi S and Saul, Lawrence K},
	journal = {Machine Learning},
	number = {2},
	pages = {183--233},
	title = {An introduction to variational methods for graphical models},
	volume = {37},
	year = {1999}}

@article{strupczewski2011tails,
	author = {Strupczewski, Witold G and Kochanek, Krzysztof and Markiewicz, Iwona and Bogdanowicz, Ewa and Weglarczyk, Stanislaw and Singh, Vijay P},
	journal = {Hydrology Research},
	number = {2-3},
	pages = {171--192},
	publisher = {IWA Publishing},
	title = {On the tails of distributions of annual peak flow},
	volume = {42},
	year = {2011}}

@book{rachev2003handbook,
	author = {Rachev, Svetlozar Todorov},
	publisher = {Elsevier},
	title = {Handbook of Heavy Tailed Distributions in Finance: Handbooks in Finance, Book 1},
	year = {2003}}

@book{murphy2012machine,
	author = {Murphy, Kevin P},
	publisher = {MIT press},
	title = {Machine learning: a probabilistic perspective},
	year = {2012}}

@inproceedings{damianou2013deep,
	author = {Damianou, Andreas and Lawrence, Neil D},
	booktitle = {International Conference on Artificial Intelligence and Statistics},
	title = {Deep {G}aussian processes},
	year = {2013}}

@book{mcneil2015quantitative,
	author = {McNeil, Alexander J and Frey, R{\"u}diger and Embrechts, Paul},
	publisher = {Princeton University Press},
	title = {Quantitative risk management: concepts, techniques and tools},
	year = {2015}}

@article{wolpert1996lack,
	author = {Wolpert, David H},
	journal = {Neural Computation},
	number = {7},
	pages = {1341--1390},
	title = {The lack of a priori distinctions between learning algorithms},
	volume = {8},
	year = {1996}}

@inproceedings{nguyen2015deep,
	author = {Nguyen, Anh and Yosinski, Jason and Clune, Jeff},
	booktitle = {Computer Vision and Pattern Recognition},
	title = {Deep neural networks are easily fooled: High confidence predictions for unrecognizable images},
	year = {2015}}

@article{liang2018bayesian,
	author = {Faming Liang and Qizhai Li and Lei Zhou},
	journal = {Journal of the American Statistical Association},
	number = {523},
	pages = {955-972},
	title = {Bayesian Neural Networks for Selection of Drug Sensitive Genes},
	volume = {113},
	year = {2018}}

@inproceedings{saatci2017bayesian,
	author = {Saatci, Yunus and Wilson, Andrew G},
	booktitle = {Advances in Neural Information Processing Systems},
	title = {Bayesian {GAN}},
	year = {2017}}

@article{rasmussen2001occam,
	author = {Rasmussen, Carl Edward and Ghahramani, Zoubin},
	journal = {Advances in Neural Information Processing Systems},
	title = {Occam's razor},
	year = {2001}}

@inproceedings{hinton1993keeping,
	author = {Hinton, Geoffrey E and Van Camp, Drew},
	booktitle = {Conference on Computational Learning Theory},
	title = {Keeping the neural networks simple by minimizing the description length of the weights},
	year = {1993}}

@incollection{barber1998ensemble,
	author = {Barber, D and Bishop, Christopher M},
	booktitle = {Generalization in Neural Networks and Machine Learning},
	pages = {215--237},
	publisher = {Springer-Verlag},
	title = {Ensemble learning in {B}ayesian neural networks},
	year = {1998}}

@article{graves2011practical,
	author = {Graves, Alex},
	journal = {Advances in Neural Information Processing Systems},
	title = {Practical variational inference for neural networks},
	year = {2011}}

@article{kingma2014auto,
	author = {Kingma, Diederik P and Welling, Max},
	journal = {International Conference on Learning Representations},
	title = {Auto-encoding variational {B}ayes},
	year = {2014}}

@incollection{goan2020bayesian,
	author = {Goan, Ethan and Fookes, Clinton},
	booktitle = {Case Studies in Applied Bayesian Data Science},
	date-added = {2022-01-18 14:51:58 +0100},
	date-modified = {2022-01-18 14:51:58 +0100},
	pages = {45--87},
	publisher = {Springer},
	title = {Bayesian neural networks: An introduction and survey},
	year = {2020}}

@article{jantre2021layer,
	author = {Jantre, Sanket and Bhattacharya, Shrijita and Maiti, Tapabrata},
	journal = {arXiv preprint arXiv:2108.11000},
	title = {Layer Adaptive Node Selection in Bayesian Neural Networks: Statistical Guarantees and Implementation Details},
	year = {2021}}

@article{fortuin2021priors,
	author = {Fortuin, Vincent},
	journal = {International Statistical Review},
	publisher = {Wiley Online Library},
	title = {{Priors in Bayesian deep learning: A review}},
	year = {2022}}

@phdthesis{fortuin2021choice,
	author = {Fortuin, Vincent},
	school = {ETH Zurich},
	title = {On the Choice of Priors in Bayesian Deep Learning},
	year = {2021}}

@inproceedings{hernandez2015probabilistic,
	author = {Hern{\'a}ndez-Lobato, Jos{\'e} Miguel and Adams, Ryan},
	booktitle = {International Conference on Machine Learning},
	title = {Probabilistic backpropagation for scalable learning of {B}ayesian neural networks},
	year = {2015}}

@article{teh2016consistency,
	author = {Teh, Yee Whye and Thiery, Alexandre H and Vollmer, Sebastian J},
	journal = {Journal of Machine Learning Research},
	title = {Consistency and fluctuations for stochastic gradient Langevin dynamics},
	volume = {17},
	year = {2016}}

@inproceedings{louizos2016structured,
	author = {Louizos, Christos and Welling, Max},
	booktitle = {International Conference on Machine Learning},
	title = {Structured and efficient variational deep learning with matrix {G}aussian posteriors},
	year = {2016}}

@inproceedings{sun2017learning,
	author = {Sun, Shengyang and Chen, Changyou and Carin, Lawrence},
	booktitle = {International Conference on Artificial Intelligence and Statistics},
	title = {Learning structured weight uncertainty in {B}ayesian neural networks},
	year = {2017}}

@inproceedings{ritter2018scalable,
	author = {Ritter, Hippolyt and Botev, Aleksandar and Barber, David},
	booktitle = {International Conference on Learning Representations},
	title = {A scalable {L}aplace approximation for neural networks},
	year = {2018}}

@inproceedings{khan2018fast,
	author = {Khan, Mohammad and Nielsen, Didrik and Tangkaratt, Voot and Lin, Wu and Gal, Yarin and Srivastava, Akash},
	booktitle = {International Conference on Machine Learning},
	title = {Fast and scalable {B}ayesian deep learning by weight-perturbation in {ADAM}},
	year = {2018}}

@article{osawa2019practical,
	author = {Osawa, Kazuki and Swaroop, Siddharth and Khan, Mohammad Emtiyaz E and Jain, Anirudh and Eschenhagen, Runa and Turner, Richard E and Yokota, Rio},
	journal = {Advances in Neural Information Processing Systems},
	title = {Practical Deep Learning with {B}ayesian Principles},
	year = {2019}}

@article{lakshminarayanan2017simple,
	author = {Lakshminarayanan, Balaji and Pritzel, Alexander and Blundell, Charles},
	journal = {Advances in Neural Information Processing Systems},
	title = {Simple and Scalable Predictive Uncertainty Estimation using Deep Ensembles},
	year = {2017}}

@inproceedings{teye2018bayesian,
	author = {Teye, Mattias and Azizpour, Hossein and Smith, Kevin},
	booktitle = {International Conference on Machine Learning},
	title = {Bayesian uncertainty estimation for batch normalized deep networks},
	year = {2018}}

@article{foong2019pathologies,
	author = {Foong, Andrew YK and Burt, David R and Li, Yingzhen and Turner, Richard E},
	journal = {Stat},
	pages = {2},
	title = {Pathologies of factorised {G}aussian and {MC} dropout posteriors in {B}ayesian neural networks},
	volume = {1050},
	year = {2019}}

@article{huang2017snapshot,
	author = {Huang, Gao and Li, Yixuan and Pleiss, Geoff and Liu, Zhuang and Hopcroft, John E and Weinberger, Kilian Q},
	journal = {International Conference on Learning Representations},
	title = {Snapshot ensembles: Train 1, get {M} for free},
	year = {2017}}

@article{izmailov2019averaging,
	author = {Izmailov, Pavel and Podoprikhin, Dmitrii and Garipov, Timur and Vetrov, Dmitry and Wilson, Andrew Gordon},
	journal = {Uncertainty in Artificial Intelligence},
	title = {Averaging weights leads to wider optima and better generalization},
	year = {2019}}

@article{frankle2019lottery,
	author = {Frankle, Jonathan and Carbin, Michael},
	journal = {International Conference on Learning Representations},
	title = {The lottery ticket hypothesis: Finding sparse, trainable neural networks},
	year = {2019}}

@inproceedings{malach2020proving,
	author = {Malach, Eran and Yehudai, Gilad and Shalev-Schwartz, Shai and Shamir, Ohad},
	booktitle = {International Conference on Machine Learning},
	title = {Proving the lottery ticket hypothesis: Pruning is all you need},
	year = {2020}}

@inproceedings{he2015delving,
	author = {He, Kaiming and Zhang, Xiangyu and Ren, Shaoqing and Sun, Jian},
	booktitle = {International Conference on Computer Vision},
	title = {Delving deep into rectifiers: Surpassing human-level performance on {I}mage{N}et classification},
	year = {2015}}

@article{wolinski2020interpreting,
	author = {Wolinski, Pierre and Charpiat, Guillaume and Ollivier, Yann},
	journal = {arXiv preprint arXiv:2002.00178},
	title = {Interpreting a Penalty as the Influence of a {B}ayesian Prior},
	year = {2020}}

@inproceedings{izmailov2020subspace,
	author = {Izmailov, Pavel and Maddox, Wesley J and Kirichenko, Polina and Garipov, Timur and Vetrov, Dmitry and Wilson, Andrew Gordon},
	booktitle = {Uncertainty in Artificial Intelligence},
	title = {Subspace inference for {B}ayesian deep learning},
	year = {2020}}

@article{cheng2017survey,
	author = {Cheng, Yu and Wang, Duo and Zhou, Pan and Zhang, Tao},
	journal = {arXiv preprint arXiv:1710.09282},
	title = {A survey of model compression and acceleration for deep neural networks},
	year = {2017}}

@inproceedings{daxberger2021bayesian,
	author = {Daxberger, Erik and Nalisnick, Eric and Allingham, James U and Antor{\'a}n, Javier and Hern{\'a}ndez-Lobato, Jos{\'e} Miguel},
	booktitle = {International Conference on Machine Learning},
	title = {{B}ayesian deep learning via subnetwork inference},
	year = {2021}}

@inproceedings{garipov2018loss,
	author = {Garipov, Timur and Izmailov, Pavel and Podoprikhin, Dmitrii and Vetrov, Dmitry and Wilson, Andrew Gordon},
	booktitle = {Advances in Neural Information Processing Systems},
	title = {Loss surfaces, mode connectivity, and fast ensembling of {DNN}s},
	year = {2018}}

@article{wenzel2020hyperparameter,
	author = {Wenzel, Florian and Snoek, Jasper and Tran, Dustin and Jenatton, Rodolphe},
	journal = {Advances in Neural Information Processing Systems},
	title = {Hyperparameter ensembles for robustness and uncertainty quantification},
	year = {2020}}

@inproceedings{pearce2020uncertainty,
	author = {Pearce, Tim and Leibfried, Felix and Brintrup, Alexandra},
	booktitle = {International Conference on Artificial Intelligence and Statistics},
	title = {Uncertainty in neural networks: Approximately {B}ayesian ensembling},
	year = {2020}}

@article{maddox2019simple,
	author = {Maddox, Wesley J and Izmailov, Pavel and Garipov, Timur and Vetrov, Dmitry P and Wilson, Andrew Gordon},
	journal = {Advances in Neural Information Processing Systems},
	title = {A simple baseline for {B}ayesian uncertainty in deep learning},
	year = {2019}}

@inproceedings{dusenberry2020efficient,
	author = {Dusenberry, Michael and Jerfel, Ghassen and Wen, Yeming and Ma, Yian and Snoek, Jasper and Heller, Katherine and Lakshminarayanan, Balaji and Tran, Dustin},
	booktitle = {International Conference on Machine Learning},
	title = {Efficient and scalable {B}ayesian neural nets with rank-1 factors},
	year = {2020}}

@article{antoran2021depth,
	author = {Antor{\'a}n, Javier and Allingham, James Urquhart and Hern{\'a}ndez-Lobato, Jos{\'e} Miguel},
	journal = {Advances in Neural Information Processing Systems},
	title = {Depth uncertainty in neural networks},
	year = {2021}}

@phdthesis{nalisnick2018priors,
	author = {Nalisnick, Eric Thomas},
	school = {University of California, Irvine},
	title = {On priors for {B}ayesian neural networks},
	year = {2018}}

@inproceedings{cho2009kernel,
	author = {Cho, Youngmin and Saul, Lawrence K},
	booktitle = {Advances in Neural Information Processing Systems},
	title = {Kernel methods for deep learning},
	year = {2009}}

@inproceedings{duvenaud2014avoiding,
	author = {Duvenaud, David and Rippel, Oren and Adams, Ryan and Ghahramani, Zoubin},
	booktitle = {International Conference on Artificial Intelligence and Statistics},
	title = {Avoiding pathologies in very deep networks},
	year = {2014}}

@inproceedings{wilson2016stochastic,
	author = {Wilson, Andrew G and Hu, Zhiting and Salakhutdinov, Ruslan R and Xing, Eric P},
	booktitle = {Advances in Neural Information Processing Systems},
	title = {Stochastic variational deep kernel learning},
	year = {2016}}

@inproceedings{ioffe2015batch,
	author = {Sergey Ioffe and Christian Szegedy},
	booktitle = {International Conference on Machine Learning},
	title = {Batch Normalization: Accelerating Deep Network Training by Reducing Internal Covariate Shift},
	year = {2015}}

@article{weiss2016survey,
	author = {Weiss, Karl and Khoshgoftaar, Taghi M and Wang, DingDing},
	journal = {Journal of Big Data},
	number = {1},
	pages = {1--40},
	title = {A survey of transfer learning},
	volume = {3},
	year = {2016}}

@inproceedings{erhan2010does,
	author = {Erhan, Dumitru and Courville, Aaron and Bengio, Yoshua and Vincent, Pascal},
	booktitle = {International Conference on Artificial Intelligence and Statistics},
	title = {Why does unsupervised pre-training help deep learning?},
	year = {2010}}

@article{ba2016layer,
	author = {Ba, Jimmy Lei and Kiros, Jamie Ryan and Hinton, Geoffrey E},
	journal = {NIPS Deep Learning Symposium},
	title = {Layer normalization},
	year = {2016}}

@article{hazan2015steps,
	author = {Hazan, Tamir and Jaakkola, Tommi},
	journal = {arXiv preprint arXiv:1508.05133},
	title = {Steps toward deep kernel methods from infinite neural networks},
	year = {2015}}

@article{mitrovic2017deep,
	author = {Mitrovic, Jovana and Sejdinovic, Dino and Teh, Yee Whye},
	journal = {ICLR Workshop Track},
	title = {Deep Kernel Machines via the Kernel Reparametrization Trick},
	year = {2017}}

@article{srivastava2014dropout,
	author = {Srivastava, Nitish and Hinton, Geoffrey and Krizhevsky, Alex and Sutskever, Ilya and Salakhutdinov, Ruslan},
	journal = {The Journal of Machine Learning Research},
	number = {1},
	pages = {1929--1958},
	title = {Dropout: A simple way to prevent neural networks from overfitting},
	volume = {15},
	year = {2014}}

@inproceedings{gal2016dropout,
	author = {Gal, Yarin and Ghahramani, Zoubin},
	booktitle = {International Conference on Machine Learning},
	title = {Dropout as a {B}ayesian approximation: Representing model uncertainty in deep learning},
	year = {2016}}

@article{nabarro2021data,
	author = {Nabarro, Seth and Ganev, Stoil and Garriga-Alonso, Adri{\`a} and Fortuin, Vincent and van der Wilk, Mark and Aitchison, Laurence},
	journal = {arXiv preprint arXiv:2106.05586},
	title = {Data augmentation in {B}ayesian neural networks and the cold posterior effect},
	year = {2021}}

@inproceedings{izmailov2021bayesian,
	author = {Izmailov, Pavel and Vikram, Sharad and Hoffman, Matthew D and Wilson, Andrew Gordon},
	booktitle = {International Conference on Machine Learning},
	title = {What Are {B}ayesian Neural Network Posteriors Really Like?},
	year = {2021}}

@inproceedings{wenzel2020good,
	author = {Wenzel, Florian and Roth, Kevin and Veeling, Bastiaan and Swiatkowski, Jakub and Tran, Linh and Mandt, Stephan and Snoek, Jasper and Salimans, Tim and Jenatton, Rodolphe and Nowozin, Sebastian},
	booktitle = {International Conference on Machine Learning},
	title = {How Good is the {B}ayes Posterior in Deep Neural Networks Really?},
	year = {2020}}

@inproceedings{aitchison2020statistical,
	author = {Aitchison, Laurence},
	booktitle = {International Conference on Learning Representations},
	title = {A statistical theory of cold posteriors in deep neural networks},
	year = {2021}}

@inproceedings{aitchison2020bigger,
	author = {Aitchison, Laurence},
	booktitle = {International Conference on Machine Learning},
	title = {Why bigger is not always better: on finite and infinite neural networks},
	year = {2020}}

@article{fortuin2021bayesian,
	author = {Fortuin, Vincent and Garriga-Alonso, Adri{\`a} and Wenzel, Florian and R{\"a}tsch, Gunnar and Turner, Richard and van der Wilk, Mark and Aitchison, Laurence},
	journal = {Symposium on Advances in Approximate Bayesian Inference},
	title = {Bayesian neural network priors revisited},
	year = {2021}}

@article{zavatone2021asymptotics,
	author = {Zavatone-Veth, Jacob A and Canatar, Abdulkadir and Pehlevan, Cengiz},
	journal = {arXiv preprint arXiv:2106.00651},
	title = {Asymptotics of representation learning in finite {B}ayesian neural networks},
	year = {2021}}

@article{noci2021precise,
	author = {Noci, Lorenzo and Bachmann, Gregor and Roth, Kevin and Nowozin, Sebastian and Hofmann, Thomas},
	journal = {International Conference on Learning Representations},
	title = {Precise characterization of the prior predictive distribution of deep {ReLU} networks},
	year = {2021}}

@article{wilson2020bayesian,
	author = {Wilson, Andrew Gordon and Izmailov, Pavel},
	journal = {International Conference on Neural Information Processing Systems},
	title = {{B}ayesian deep learning and a probabilistic perspective of generalization},
	year = {2020}}

@inproceedings{antoran2021getting,
	author = {Antoran, Javier and Bhatt, Umang and Adel, Tameem and Weller, Adrian and Hern{\'a}ndez-Lobato, Jos{\'e} Miguel},
	booktitle = {International Conference on Learning Representations},
	title = {Getting a {CLUE}: A Method for Explaining Uncertainty Estimates},
	year = {2021}}

@inproceedings{bhatt2021uncertainty,
	author = {Bhatt, Umang and Antor{\'a}n, Javier and Zhang, Yunfeng and Liao, Q Vera and Sattigeri, Prasanna and Fogliato, Riccardo and Melan{\c{c}}on, Gabrielle and Krishnan, Ranganath and Stanley, Jason and Tickoo, Omesh},
	booktitle = {AAAI/ACM Conference on AI, Ethics, and Society},
	title = {Uncertainty as a form of transparency: Measuring, communicating, and using uncertainty},
	year = {2021}}

@inproceedings{lee2020finite,
	author = {Lee, Jaehoon and Schoenholz, Samuel and Pennington, Jeffrey and Adlam, Ben and Xiao, Lechao and Novak, Roman and Sohl-{D}ickstein, Jascha},
	booktitle = {International Conference on Neural Information Processing Systems},
	title = {Finite Versus Infinite Neural Networks: an Empirical Study},
	year = {2020}}

@inproceedings{hayou2019impact,
	author = {Hayou, Soufiane and Doucet, Arnaud and Rousseau, Judith},
	booktitle = {International Conference on Machine Learning},
	title = {On the impact of the activation function on deep neural networks training},
	year = {2019}}

@article{springer1970distribution,
	author = {Springer, Melvin Dale and Thompson, William E.},
	journal = {{SIAM} Journal on Applied Mathematics},
	number = {4},
	pages = {721--737},
	publisher = {SIAM},
	title = {The distribution of products of beta, gamma and {G}aussian random variables},
	volume = {18},
	year = {1970}}

@inproceedings{favaro2020stable,
	author = {Favaro, Stefano and Fortini, Sandra and Stefano, Peluchetti},
	booktitle = {International Conference on Artificial Intelligence and Statistics},
	title = {Stable behaviour of infinitely wide deep neural networks},
	year = {2020}}

@book{neal1996bayesian,
	author = {Neal, Radford M},
	publisher = {Springer Science \& Business Media},
	title = {Bayesian learning for neural networks},
	year = {1996}}

@book{nelsen2007introduction,
	author = {Nelsen, Roger B},
	publisher = {Springer Science \& Business Media},
	title = {An introduction to copulas},
	year = {2007}}

@article{nelsen1996nonparametric,
	author = {Nelsen, Roger B},
	journal = {Lecture Notes-Monograph Series},
	pages = {223--232},
	publisher = {JSTOR},
	title = {Nonparametric measures of multivariate association},
	year = {1996}}

@book{bingham1989regular,
	author = {Bingham, Nicholas H and Goldie, Charles M and Teugels, Jef L},
	publisher = {Cambridge University Press},
	title = {Regular variation},
	year = {1989}}

@article{gardes2011weibull,
	author = {Gardes, Laurent and Girard, St{\'e}phane and Guillou, Armelle},
	journal = {Journal of Statistical Planning and Inference},
	number = {1},
	pages = {429--444},
	publisher = {Elsevier},
	title = {Weibull tail-distributions revisited: a new look at some tail estimators},
	volume = {141},
	year = {2011}}

@article{gardes2016estimation,
	author = {Gardes, Laurent and Girard, St{\'e}phane},
	journal = {Journal of Multivariate Analysis},
	pages = {29--45},
	publisher = {Elsevier},
	title = {On the estimation of the functional {W}eibull tail-coefficient},
	volume = {146},
	year = {2016}}

@article{kuchibhotla2018moving,
	author = {Kuchibhotla, Arun Kumar and Chakrabortty, Abhishek},
	journal = {arXiv preprint arXiv:1804.02605},
	title = {Moving beyond sub-{G}aussianity in high-dimensional statistics: Applications in covariance estimation and linear regression},
	year = {2018}}

@book{rinne2008weibull,
	author = {Rinne, Horst},
	publisher = {Chapman and Hall/CRC},
	title = {The {W}eibull distribution: a handbook},
	year = {2008}}

@article{zhang2021sharper,
	author = {Zhang, Huiming and Wei, Haoyu},
	journal = {arXiv preprint arXiv:2102.02450},
	title = {Sharper Sub-{W}eibull Concentrations: Non-asymptotic {B}ai-{Y}in's Theorem},
	year = {2021}}

@phdthesis{candes1998ridgelets,
	author = {Cand\`es, Emmanuel Jean},
	school = {Stanford University},
	title = {Ridgelets: theory and applications},
	year = {1998}}

@article{gardes2008estimation,
	author = {Gardes, Laurent and Girard, Stephane},
	journal = {Journal of Statistical Planning and Inference},
	pages = {1416-1427},
	title = {Estimation of the {W}eibull tail-coefficient with linear combination of upper order statistics},
	volume = {138},
	year = {2008}}

@book{vershynin2018high,
	author = {Vershynin, Roman},
	publisher = {Cambridge University Press},
	title = {High-Dimensional Probability: An Introduction with Applications in Data Science},
	year = {2018}}

@inproceedings{Hao:2019aa,
	author = {Hao, Botao and Yadkori, Yasin Abbasi and Wen, Zheng and Cheng, Guang},
	booktitle = {Advances in Neural Information Processing Systems},
	title = {Bootstrapping Upper Confidence Bound},
	year = {2019}}

@article{adamczak2011restricted,
	author = {Adamczak, Radoslaw and Litvak, Alexander E and Pajor, Alain and Tomczak-Jaegermann, Nicole},
	journal = {Constructive Approximation},
	pages = {61--88},
	title = {Restricted isometry property of matrices with independent columns and neighborly polytopes by random sampling},
	volume = {34},
	year = {2011}}

@book{boucheron2013concentration,
	author = {Boucheron, St{\'e}phane and Lugosi, G{\'a}bor and Massart, Pascal},
	publisher = {Oxford University Press},
	title = {Concentration Inequalities: A Nonasymptotic Theory of Independence},
	year = {2013}}

@article{raginsky2013concentration,
	author = {Raginsky, Maxim and Sason, Igal},
	journal = {Foundations and Trends in Communications and Information Theory},
	pages = {1-246},
	title = {Concentration of measure inequalities in information theory, communications, and coding},
	volume = {10},
	year = {2013}}

@techreport{van2014probability,
	author = {van Handel, Ramon},
	institution = {Princeton University},
	title = {Probability in high dimension},
	year = {2014}}

@book{catoni2007pac,
	author = {Catoni, Olivier},
	publisher = {Institute of Mathematical Statistics},
	title = {{PAC-Bayesian Supervised Classification: The Thermodynamics of Statistical Learning}},
	year = {2007}}

@book{bubeck2012regret,
	author = {Bubeck, S{\'e}bastien and Cesa-Bianchi, Nicolo},
	pages = {1--122},
	publisher = {Now Publishers},
	series = {Foundations and Trends in Machine Learning},
	title = {Regret Analysis of Stochastic and Nonstochastic Multi-Armed Bandit Problems},
	year = {2012}}

@inproceedings{rudelson2010non,
	author = {Rudelson, Mark and Vershynin, Roman},
	booktitle = {International Congress of Mathematicians},
	organization = {World Scientific},
	title = {Non-asymptotic theory of random matrices: extreme singular values},
	year = {2010}}

@article{ben2017concentration,
	author = {Ben-Hamou, Anna and Boucheron, St\'ephane and Ohannessian, Mesrob I},
	journal = {Bernoulli},
	pages = {249-287},
	title = {Concentration inequalities in the infinite urn scheme for occupancy counts and the missing mass, with applications},
	volume = {23},
	year = {2017}}

@article{wellner2017bennett,
	author = {Wellner, Jon A},
	journal = {Sankhya A},
	pages = {355-383},
	title = {{The {B}ennett-{O}rlicz Norm}},
	volume = {79},
	year = {2017}}

@article{zavatone2021exact,
	author = {Zavatone-Veth, Jacob A and Pehlevan, Cengiz},
	journal = {International Conference on Learning Representations},
	title = {Exact priors of finite neural networks},
	year = {2021}}

@article{pleiss2021limitations,
	author = {Pleiss, Geoff and Cunningham, John P},
	journal = {arXiv preprint arXiv:2106.06529},
	title = {The Limitations of Large Width in Neural Networks: A Deep {G}aussian Process Perspective},
	year = {2021}}

@article{garriga2021correlated,
	author = {Garriga-Alonso, Adri{\`a} and van der Wilk, Mark},
	journal = {arXiv preprint arXiv:2101.04097},
	title = {Correlated Weights in Infinite Limits of Deep Convolutional Neural Networks},
	year = {2021}}

@article{cambanis1981theory,
	author = {Cambanis, Stamatis and Huang, Steel and Simons, Gordon},
	journal = {Journal of Multivariate Analysis},
	number = {3},
	pages = {368--385},
	publisher = {Elsevier},
	title = {On the theory of elliptically contoured distributions},
	volume = {11},
	year = {1981}}

@inproceedings{mahoney2019traditional,
	author = {Mahoney, Michael and Martin, Charles},
	booktitle = {International Conference on Machine Learning},
	title = {Traditional and heavy-tailed self-regularization in neural network models},
	year = {2019}}

@article{blaas2021effect,
	author = {Blaas, Arno and Roberts, Stephen J},
	journal = {arXiv preprint arXiv:2101.02689},
	title = {The Effect of Prior {L}ipschitz Continuity on the Adversarial Robustness of {B}ayesian Neural Networks},
	year = {2021}}

@article{yang2019scaling,
	author = {Yang, Greg},
	journal = {arXiv preprint arXiv:1902.04760},
	title = {Scaling limits of wide neural networks with weight sharing: {G}aussian process behavior, gradient independence, and neural tangent kernel derivation},
	year = {2019}}

@inproceedings{huang2016deep,
	author = {Huang, Gao and Sun, Yu and Liu, Zhuang and Sedra, Daniel and Weinberger, Kilian Q},
	booktitle = {European Conference on Computer Vision},
	organization = {Springer},
	pages = {646--661},
	title = {Deep networks with stochastic depth},
	year = {2016}}

@inproceedings{chen2018neural,
	author = {Chen, Tian Qi and Rubanova, Yulia and Bettencourt, Jesse and Duvenaud, David K},
	booktitle = {Advances in Neural Information Processing Systems},
	title = {Neural ordinary differential equations},
	year = {2018}}

@article{peluchetti2019infinitely,
	author = {Peluchetti, Stefano and Favaro, Stefano},
	journal = {International Conference on Artificial Intelligence and Statistics},
	title = {Infinitely deep neural networks as diffusion processes},
	year = {2020}}

@article{peluchetti2019BDL,
	author = {Peluchetti, Stefano and Favaro, Stefano},
	journal = {NeurIPS Workshop on Bayesian Deep Learning},
	title = {Neural {SDE} - Information propagation through the lens of diffusion processes},
	year = {2019}}

@article{tzen2019neural,
	author = {Tzen, Belinda and Raginsky, Maxim},
	journal = {arXiv preprint arXiv:1905.09883},
	title = {Neural Stochastic Differential Equations: Deep Latent {G}aussian Models in the Diffusion Limit},
	year = {2019}}

@article{liu2019neural,
	author = {Liu, Xuanqing and Si, Si and Cao, Qin and Kumar, Sanjiv and Hsieh, Cho-Jui},
	journal = {arXiv preprint arXiv:1906.02355},
	title = {Neural {SDE}: Stabilizing Neural {ODE} Networks with Stochastic Noise},
	year = {2019}}

@article{hegde2019deep,
	author = {Hegde, Pashupati and Heinonen, Markus and L{\"a}hdesm{\"a}ki, Harri and Kaski, Samuel},
	journal = {International Conference on Artificial Intelligence and Statistics},
	title = {Deep learning with differential {G}aussian process flows},
	year = {2019}}

@article{look2019differential,
	author = {Look, Andreas and Kandemir, Melih},
	journal = {NeurIPS Workshop on Bayesian Deep Learning},
	title = {Differential {B}ayesian Neural Nets},
	year = {2019}}

@inproceedings{rasmussen2003gaussian,
	author = {Rasmussen, Carl Edward},
	booktitle = {Summer school on machine learning},
	organization = {Springer},
	pages = {63--71},
	title = {Gaussian processes in machine learning},
	year = {2003}}

@book{rasmussen2006gaussian,
	author = {Rasmussen, Carl Edward and Williams, Christopher K},
	publisher = {MIT press Cambridge, MA},
	title = {Gaussian processes for machine learning},
	year = {2006}}

@article{ghahramani2015probabilistic,
	author = {Ghahramani, Zoubin},
	journal = {Nature},
	number = {7553},
	pages = {452--459},
	publisher = {Nature Publishing Group},
	title = {Probabilistic machine learning and artificial intelligence},
	volume = {521},
	year = {2015}}

@inproceedings{gurbuzbalaban2021heavy,
	author = {Gurbuzbalaban, Mert and {\c{S}}im{\c{s}}ekli, Umut and Zhu, Lingjiong},
	booktitle = {International Conference on Machine Learning},
	title = {The heavy-tail phenomenon in {SGD}},
	year = {2021}}

@article{wang2021convergence,
	author = {Wang, Hongjian and G{\"u}rb{\"u}zbalaban, Mert and Zhu, Lingjiong and {\c{S}}im{\c{s}}ekli, Umut and Erdogdu, Murat A},
	journal = {Advances in Neural Information Processing Systems},
	title = {Convergence Rates of Stochastic Gradient Descent under Infinite Noise Variance},
	year = {2021}}

@article{barsbey2021heavy,
	author = {Barsbey, Melih and Sefidgaran, Milad and Erdogdu, Murat A and Richard, Ga{\"e}l and {\c{S}}im{\c{s}}ekli, Umut},
	journal = {Advances in Neural Information Processing Systems},
	title = {Heavy Tails in {SGD} and Compressibility of Overparametrized Neural Networks},
	year = {2021}}

@inproceedings{hron2020infinite,
	author = {Hron, Jiri and Bahri, Yasaman and Sohl-Dickstein, Jascha and Novak, Roman},
	booktitle = {International Conference on Machine Learning},
	title = {Infinite attention: {NNGP} and {NTK} for deep attention networks},
	year = {2020}}

@article{ghosal2000convergence,
	author = {Ghosal, Subhashis and Ghosh, Jayanta K and Van Der Vaart, Aad W},
	journal = {The Annals of Statistics},
	pages = {500--531},
	title = {Convergence rates of posterior distributions},
	year = {2000}}

@article{blackwell1962merging,
	author = {Blackwell, David and Dubins, Lester},
	journal = {The Annals of Mathematical Statistics},
	number = {3},
	pages = {882--886},
	title = {Merging of opinions with increasing information},
	volume = {33},
	year = {1962}}

@inproceedings{louizos2017multiplicative,
	author = {Louizos, Christos and Welling, Max},
	booktitle = {International Conference on Machine Learning},
	title = {Multiplicative normalizing flows for variational {B}ayesian neural networks},
	year = {2017}}

@article{kendall2017uncertainties,
	author = {Kendall, Alex and Gal, Yarin},
	journal = {Advances in Neural Information Processing Systems},
	title = {What uncertainties do we need in {B}ayesian deep learning for computer vision?},
	year = {2017}}

@article{platt1999probabilistic,
	author = {Platt, John},
	journal = {Advances in Large Margin Classifiers},
	title = {Probabilistic outputs for support vector machines and comparisons to regularized likelihood methods},
	year = {1999}}

@inproceedings{zadrozny2001obtaining,
	author = {Zadrozny, Bianca and Elkan, Charles},
	booktitle = {International Conference on Machine Learning},
	title = {Obtaining calibrated probability estimates from decision trees and naive {B}ayesian classifiers},
	year = {2001}}

@inproceedings{zadrozny2002transforming,
	author = {Zadrozny, Bianca and Elkan, Charles},
	booktitle = {International Conference on Knowledge Discovery and Data Mining},
	title = {Transforming classifier scores into accurate multiclass probability estimates},
	year = {2002}}

@inproceedings{naeini2015obtaining,
	author = {Naeini, Mahdi Pakdaman and Cooper, Gregory and Hauskrecht, Milos},
	booktitle = {Conference on Artificial Intelligence},
	title = {Obtaining well calibrated probabilities using {B}ayesian binning},
	year = {2015}}

@misc{Dua:2019,
	author = {Dua, Dheeru and Graff, Casey},
	institution = {University of California, Irvine, School of Information and Computer Sciences},
	title = {{UCI} Machine Learning Repository},
	url = {http://archive.ics.uci.edu/ml},
	year = {2017},
	bdsk-url-1 = {http://archive.ics.uci.edu/ml}}

@inproceedings{band2021benchmarking,
	author = {Band, Neil and Rudner, Tim GJ and Feng, Qixuan and Filos, Angelos and Nado, Zachary and Dusenberry, Michael W and Jerfel, Ghassen and Tran, Dustin and Gal, Yarin},
	booktitle = {NeurIPS Workshop on Distribution Shifts: Connecting Methods and Applications},
	title = {Benchmarking Bayesian Deep Learning on Diabetic Retinopathy Detection Tasks},
	year = {2021}}

@article{daxberger2021laplace,
	author = {Daxberger, Erik and Kristiadi, Agustinus and Immer, Alexander and Eschenhagen, Runa and Bauer, Matthias and Hennig, Philipp},
	journal = {Advances in Neural Information Processing Systems},
	title = {Laplace {R}edux-Effortless {B}ayesian Deep Learning},
	year = {2021}}

@article{degroot1983comparison,
	author = {DeGroot, Morris H and Fienberg, Stephen E},
	journal = {Journal of the Royal Statistical Society: Series D (The Statistician)},
	number = {1-2},
	pages = {12--22},
	title = {The comparison and evaluation of forecasters},
	volume = {32},
	year = {1983}}

@inproceedings{nixon2019measuring,
	author = {Nixon, Jeremy and Dusenberry, Michael W and Zhang, Linchuan and Jerfel, Ghassen and Tran, Dustin},
	booktitle = {CVPR Workshop},
	title = {Measuring Calibration in Deep Learning},
	year = {2019}}

@inproceedings{vaicenavicius2019evaluating,
	author = {Vaicenavicius, Juozas and Widmann, David and Andersson, Carl and Lindsten, Fredrik and Roll, Jacob and Sch{\"o}n, Thomas},
	booktitle = {International Conference on Artificial Intelligence and Statistics},
	title = {Evaluating model calibration in classification},
	year = {2019}}

@article{izmailov2021dangers,
	author = {Izmailov, Pavel and Nicholson, Patrick and Lotfi, Sanae and Wilson, Andrew G},
	journal = {Advances in Neural Information Processing Systems},
	title = {Dangers of {B}ayesian model averaging under covariate shift},
	year = {2021}}

@article{rawat2017adversarial,
	author = {Rawat, Ambrish and Wistuba, Martin and Nicolae, Maria-Irina},
	journal = {arXiv preprint arXiv:1711.08244},
	title = {Adversarial phenomenon in the eyes of {B}ayesian deep learning},
	year = {2017}}

@article{liu2018adv,
	author = {Liu, Xuanqing and Li, Yao and Wu, Chongruo and Hsieh, Cho-Jui},
	journal = {International Conference on Learning Representations},
	title = {Adv-{BNN}: Improved adversarial defense through robust {B}ayesian neural network},
	year = {2019}}

@article{grosse2018limitations,
	author = {Grosse, Kathrin and Pfaff, David and Smith, Michael Thomas and Backes, Michael},
	journal = {NeurIPS Workshop on Bayesian Deep Learning},
	title = {The limitations of model uncertainty in adversarial settings},
	year = {2019}}

@article{bekasov2018bayesian,
	author = {Bekasov, Artur and Murray, Iain},
	journal = {NeurIPS Workshop on Bayesian Deep Learning},
	title = {Bayesian adversarial spheres: {B}ayesian inference and adversarial examples in a noiseless setting},
	year = {2018}}

@article{Mikkola2021,
	author = {Petrus Mikkola and Osvaldo A. Martin and Suyog Chandramouli and Marcelo Hartmann and Oriol Abril Pla and Owen Thomas and Henri Pesonen and Jukka Corander and Aki Vehtari and Samuel Kaski and Paul-Christian B{\"u}rkner and Arto Klami},
	month = {12},
	title = {Prior knowledge elicitation: The past, present, and future},
	url = {https://arxiv.org/abs/2112.01380},
	year = {2021},
	bdsk-url-1 = {https://arxiv.org/abs/2112.01380}}

@article{Lemoine2019,
	author = {Nathan P. Lemoine},
	doi = {10.1111/oik.05985},
	issn = {16000706},
	issue = {7},
	journal = {Oikos},
	title = {Moving beyond noninformative priors: why and how to choose weakly informative priors in Bayesian analyses},
	volume = {128},
	year = {2019},
	bdsk-url-1 = {https://doi.org/10.1111/oik.05985}}

@article{dillon2017tensorflow,
	author = {Dillon, Joshua V and Langmore, Ian and Tran, Dustin and Brevdo, Eugene and Vasudevan, Srinivas and Moore, Dave and Patton, Brian and Alemi, Alex and Hoffman, Matt and Saurous, Rif A},
	journal = {arXiv preprint arXiv:1711.10604},
	title = {Tensorflow distributions},
	year = {2017}}

@article{bingham2019pyro,
	author = {Bingham, Eli and Chen, Jonathan P and Jankowiak, Martin and Obermeyer, Fritz and Pradhan, Neeraj and Karaletsos, Theofanis and Singh, Rohit and Szerlip, Paul and Horsfall, Paul and Goodman, Noah D},
	journal = {The Journal of Machine Learning Research},
	number = {1},
	pages = {973--978},
	publisher = {JMLR. org},
	title = {Pyro: Deep universal probabilistic programming},
	volume = {20},
	year = {2019}}

@article{pymc,
	author = {Salvatier, John and Wiecki, Thomas V and Fonnesbeck, Christopher},
	journal = {PeerJ Computer Science},
	pages = {e55},
	publisher = {PeerJ Inc.},
	title = {Probabilistic programming in Python using PyMC3},
	volume = {2},
	year = {2016}}

@article{carpenter2017stan,
	author = {Carpenter, Bob and Gelman, Andrew and Hoffman, Matthew D and Lee, Daniel and Goodrich, Ben and Betancourt, Michael and Brubaker, Marcus and Guo, Jiqiang and Li, Peter and Riddell, Allen},
	journal = {Journal of Statistical Software},
	number = {1},
	pages = {1--32},
	title = {Stan: A probabilistic programming language},
	volume = {76},
	year = {2017}}

@article{gelman2020bayesian,
	author = {Gelman, Andrew and Vehtari, Aki and Simpson, Daniel and Margossian, Charles C and Carpenter, Bob and Yao, Yuling and Kennedy, Lauren and Gabry, Jonah and B{\"u}rkner, Paul-Christian and Modr{\'a}k, Martin},
	journal = {arXiv preprint arXiv:2011.01808},
	title = {Bayesian workflow},
	year = {2020}}

@article{lotfi2022bayesian,
	author = {Lotfi, Sanae and Izmailov, Pavel and Benton, Gregory and Goldblum, Micah and Wilson, Andrew Gordon},
	journal = {arXiv preprint arXiv:2202.11678},
	title = {Bayesian Model Selection, the Marginal Likelihood, and Generalization},
	year = {2022}}

@article{germain2016pac,
	author = {Germain, Pascal and Bach, Francis and Lacoste, Alexandre and Lacoste-Julien, Simon},
	journal = {Advances in Neural Information Processing Systems},
	title = {PAC-Bayesian theory meets Bayesian inference},
	volume = {29},
	year = {2016}}

@book{robert2004monte,
	author = {Robert, Christian P and Casella, George},
	date-added = {2019-07-27 16:15:31 +0200},
	date-modified = {2019-07-27 16:15:31 +0200},
	publisher = {Springer-Verlag, New York},
	title = {Monte Carlo statistical methods},
	year = {2004}}

@article{moins2022local,
	author = {Moins, Th{\'e}o and Arbel, Julyan and Dutfoy, Anne and Girard, St{\'e}phane},
	journal = {arXiv preprint arXiv:2205.06694},
	title = {{On the use of a local $\hat{R}$ to improve MCMC convergence diagnostic}},
	year = {2022}}

@article{gelman1992inference,
	author = {Gelman, Andrew and Rubin, Donald B},
	journal = {Statistical Science},
	number = {4},
	pages = {457--472},
	publisher = {Institute of Mathematical Statistics},
	title = {Inference from iterative simulation using multiple sequences},
	volume = {7},
	year = {1992}}

@article{vehtari2021rank,
	author = {Aki Vehtari and Andrew Gelman and Daniel Simpson and Bob Carpenter and Paul-Christian B{\"u}rkner},
	journal = {Bayesian Analysis},
	number = {2},
	pages = {667--718},
	publisher = {International Society for Bayesian Analysis},
	title = {{Rank-normalization, folding, and localization: An improved $\widehat{R}$ for assessing convergence of MCMC (with discussion)}},
	volume = {16},
	year = {2021}}

@article{kass1995bayes,
	author = {Kass, Robert E and Raftery, Adrian E},
	journal = {Journal of the American Statistical Association},
	number = {430},
	pages = {773--795},
	publisher = {Taylor \& Francis},
	title = {Bayes factors},
	volume = {90},
	year = {1995}}

@book{bishop2006pattern,
	author = {Bishop, Christopher M and Nasrabadi, Nasser M},
	publisher = {Springer},
	title = {Pattern recognition and machine learning},
	volume = {4},
	year = {2006}}

@article{foong2019between,
	author = {Foong, Andrew YK and Li, Yingzhen and Hern{\'a}ndez-Lobato, Jos{\'e} Miguel and Turner, Richard E},
	journal = {Uncertainty in Deep Learning Workshop, ICML},
	title = {{'In-Between' Uncertainty in Bayesian Neural Networks}},
	year = {2019}}

@article{wen2018flipout,
	author = {Wen, Yeming and Vicol, Paul and Ba, Jimmy and Tran, Dustin and Grosse, Roger},
	journal = {arXiv preprint arXiv:1803.04386},
	title = {Flipout: Efficient pseudo-independent weight perturbations on mini-batches},
	year = {2018}}

@inproceedings{martens2015optimizing,
	author = {Martens, James and Grosse, Roger},
	booktitle = {International Conference on Machine Learning},
	organization = {PMLR},
	pages = {2408--2417},
	title = {Optimizing neural networks with kronecker-factored approximate curvature},
	year = {2015}}

@inproceedings{immer2021scalable,
	author = {Immer, Alexander and Bauer, Matthias and Fortuin, Vincent and R{\"a}tsch, Gunnar and Emtiyaz, Khan Mohammad},
	booktitle = {International Conference on Machine Learning},
	organization = {PMLR},
	pages = {4563--4573},
	title = {Scalable marginal likelihood estimation for model selection in deep learning},
	year = {2021}}

@inproceedings{immer2021improving,
	author = {Immer, Alexander and Korzepa, Maciej and Bauer, Matthias},
	booktitle = {International Conference on Artificial Intelligence and Statistics},
	organization = {PMLR},
	pages = {703--711},
	title = {Improving predictions of Bayesian neural nets via local linearization},
	year = {2021}}

@article{immer2022invariance,
	author = {Immer, Alexander and van der Ouderaa, Tycho FA and Fortuin, Vincent and R{\"a}tsch, Gunnar and van der Wilk, Mark},
	journal = {arXiv preprint arXiv:2202.10638},
	title = {Invariance Learning in Deep Neural Networks with Differentiable Laplace Approximations},
	year = {2022}}

@inproceedings{antoran2022adapting,
	author = {Antor{\'a}n, Javier and Janz, David and Allingham, James U and Daxberger, Erik and Barbano, Riccardo Rb and Nalisnick, Eric and Hern{\'a}ndez-Lobato, Jos{\'e} Miguel},
	booktitle = {International Conference on Machine Learning},
	organization = {PMLR},
	pages = {796--821},
	title = {Adapting the Linearised Laplace Model Evidence for Modern Deep Learning},
	year = {2022}}

@article{dangel2021vivit,
	author = {Dangel, Felix and Tatzel, Lukas and Hennig, Philipp},
	journal = {arXiv preprint arXiv:2106.02624},
	title = {ViViT: Curvature access through the generalized Gauss-Newton's low-rank structure},
	year = {2021}}

@inproceedings{chen2014stochastic,
	author = {Chen, Tianqi and Fox, Emily and Guestrin, Carlos},
	booktitle = {International Conference on Machine Learning},
	organization = {PMLR},
	pages = {1683--1691},
	title = {Stochastic gradient hamiltonian monte carlo},
	year = {2014}}

@inproceedings{neiswanger2014asymptotically,
	author = {Neiswanger, Willie and Wang, Chong and Xing, Eric P},
	booktitle = {Proceedings of the Thirtieth Conference on Uncertainty in Artificial Intelligence},
	pages = {623--632},
	title = {Asymptotically exact, embarrassingly parallel MCMC},
	year = {2014}}

@inproceedings{ahn2012bayesian,
	author = {Ahn, Sungjin and Korattikara, Anoop and Welling, Max},
	booktitle = {Proceedings of the 29th International Coference on International Conference on Machine Learning},
	pages = {1771--1778},
	title = {Bayesian posterior sampling via stochastic gradient fisher scoring},
	year = {2012}}

@article{korattikara2015bayesian,
	author = {Korattikara Balan, Anoop and Rathod, Vivek and Murphy, Kevin P and Welling, Max},
	journal = {Advances in Neural Information Processing Systems},
	title = {Bayesian dark knowledge},
	volume = {28},
	year = {2015}}

@inproceedings{wang2015privacy,
	author = {Wang, Yu-Xiang and Fienberg, Stephen and Smola, Alex},
	booktitle = {International Conference on Machine Learning},
	organization = {PMLR},
	pages = {2493--2502},
	title = {Privacy for free: Posterior sampling and stochastic gradient monte carlo},
	year = {2015}}

@article{ma2015complete,
	author = {Ma, Yi-An and Chen, Tianqi and Fox, Emily},
	journal = {Advances in Neural Information Processing Systems},
	title = {A complete recipe for stochastic gradient MCMC},
	volume = {28},
	year = {2015}}

@inproceedings{li2016preconditioned,
	author = {Li, Chunyuan and Chen, Changyou and Carlson, David and Carin, Lawrence},
	booktitle = {Thirtieth AAAI Conference on Artificial Intelligence},
	title = {Preconditioned stochastic gradient Langevin dynamics for deep neural networks},
	year = {2016}}

@inproceedings{zhang2019cyclical,
	author = {Zhang, Ruqi and Li, Chunyuan and Zhang, Jianyi and Chen, Changyou and Wilson, Andrew Gordon},
	booktitle = {International Conference on Learning Representations},
	title = {Cyclical Stochastic Gradient MCMC for Bayesian Deep Learning},
	year = {2019}}

@article{dziugaite2017computing,
	author = {Dziugaite, Gintare Karolina and Roy, Daniel M},
	journal = {arXiv preprint arXiv:1703.11008},
	title = {Computing nonvacuous generalization bounds for deep (stochastic) neural networks with many more parameters than training data},
	year = {2017}}

@inproceedings{dziugaite2021role,
	author = {Dziugaite, Gintare Karolina and Hsu, Kyle and Gharbieh, Waseem and Arpino, Gabriel and Roy, Daniel},
	booktitle = {International Conference on Artificial Intelligence and Statistics},
	organization = {PMLR},
	pages = {604--612},
	title = {On the role of data in PAC-Bayes bounds},
	year = {2021}}

@article{vapnik1999overview,
	author = {Vapnik, Vladimir N},
	journal = {IEEE transactions on neural networks},
	number = {5},
	pages = {988--999},
	publisher = {IEEE},
	title = {An overview of statistical learning theory},
	volume = {10},
	year = {1999}}

@article{mcallester1999some,
	author = {McAllester, David A},
	journal = {Machine Learning},
	number = {3},
	pages = {355--363},
	publisher = {Springer},
	title = {Some pac-bayesian theorems},
	volume = {37},
	year = {1999}}

@inproceedings{grunwald2012safe,
	author = {Gr{\"u}nwald, Peter},
	booktitle = {International Conference on Algorithmic Learning Theory},
	organization = {Springer},
	pages = {169--183},
	title = {The safe bayesian},
	year = {2012}}

@article{pitas2022cold,
	author = {Pitas, Konstantinos and Arbel, Julyan},
	journal = {arXiv preprint arXiv:2206.11173},
	title = {Cold Posteriors through PAC-Bayes},
	year = {2022}}

@article{langford2005tutorial,
	author = {Langford, John},
	journal = {Journal of machine learning research},
	number = {Mar},
	pages = {273--306},
	title = {Tutorial on practical prediction theory for classification},
	volume = {6},
	year = {2005}}

@inproceedings{kaariainen2005comparison,
	author = {K{\"a}{\"a}ri{\"a}inen, Matti and Langford, John},
	booktitle = {Proceedings of the 22nd International Conference on Machine Learning},
	pages = {409--416},
	title = {A comparison of tight generalization error bounds},
	year = {2005}}

@article{davenport2019potential,
	author = {Davenport, Thomas and Kalakota, Ravi},
	journal = {Future healthcare journal},
	number = {2},
	pages = {94},
	publisher = {Royal College of Physicians},
	title = {The potential for artificial intelligence in healthcare},
	volume = {6},
	year = {2019}}

@book{mohri2018foundations,
	author = {Mohri, Mehryar and Rostamizadeh, Afshin and Talwalkar, Ameet},
	publisher = {MIT press},
	title = {Foundations of machine learning},
	year = {2018}}

@article{blumer1989learnability,
	author = {Blumer, Anselm and Ehrenfeucht, Andrzej and Haussler, David and Warmuth, Manfred K},
	journal = {Journal of the ACM (JACM)},
	number = {4},
	pages = {929--965},
	publisher = {ACM New York, NY, USA},
	title = {Learnability and the Vapnik-Chervonenkis dimension},
	volume = {36},
	year = {1989}}

@article{zhang2016understanding,
	author = {Zhang, Chiyuan and Bengio, Samy and Hardt, Moritz and Recht, Benjamin and Vinyals, Oriol},
	journal = {arXiv preprint arXiv:1611.03530},
	title = {Understanding deep learning requires rethinking generalization},
	year = {2016}}

@article{golowich2017size,
	author = {Golowich, Noah and Rakhlin, Alexander and Shamir, Ohad},
	journal = {arXiv preprint arXiv:1712.06541},
	title = {Size-Independent Sample Complexity of Neural Networks},
	year = {2017}}

@article{arora2018stronger,
	author = {Arora, Sanjeev and Ge, Rong and Neyshabur, Behnam and Zhang, Yi},
	journal = {arXiv preprint arXiv:1802.05296},
	title = {Stronger generalization bounds for deep nets via a compression approach},
	year = {2018}}

@article{neyshabur2017pac,
	author = {Neyshabur, Behnam and Bhojanapalli, Srinadh and McAllester, David and Srebro, Nathan},
	journal = {arXiv preprint arXiv:1707.09564},
	title = {A pac-bayesian approach to spectrally-normalized margin bounds for neural networks},
	year = {2017}}

@article{sokolic2016robust,
	author = {Sokoli{\'c}, Jure and Giryes, Raja and Sapiro, Guillermo and Rodrigues, Miguel RD},
	journal = {IEEE Transactions on Signal Processing},
	number = {16},
	pages = {4265--4280},
	publisher = {IEEE},
	title = {Robust large margin deep neural networks},
	volume = {65},
	year = {2016}}

@inproceedings{bartlett2017spectrally,
	author = {Bartlett, Peter L and Foster, Dylan J and Telgarsky, Matus J},
	booktitle = {Advances in Neural Information Processing Systems},
	pages = {6241--6250},
	title = {Spectrally-normalized margin bounds for neural networks},
	year = {2017}}

@article{lyle2020bayesian,
	author = {Lyle, Clare and Schut, Lisa and Ru, Robin and Gal, Yarin and van der Wilk, Mark},
	journal = {Advances in Neural Information Processing Systems},
	pages = {10396--10408},
	title = {A bayesian perspective on training speed and model selection},
	volume = {33},
	year = {2020}}

@article{ru2021speedy,
	author = {Ru, Robin and Lyle, Clare and Schut, Lisa and Fil, Miroslav and van der Wilk, Mark and Gal, Yarin},
	journal = {Advances in Neural Information Processing Systems},
	pages = {4079--4092},
	title = {Speedy Performance Estimation for Neural Architecture Search},
	volume = {34},
	year = {2021}}

@article{baker2017accelerating,
	author = {Baker, Bowen and Gupta, Otkrist and Raskar, Ramesh and Naik, Nikhil},
	journal = {arXiv preprint arXiv:1705.10823},
	title = {Accelerating neural architecture search using performance prediction},
	year = {2017}}

@inproceedings{mellor2021neural,
	author = {Mellor, Joe and Turner, Jack and Storkey, Amos and Crowley, Elliot J},
	booktitle = {International Conference on Machine Learning},
	organization = {PMLR},
	pages = {7588--7598},
	title = {Neural architecture search without training},
	year = {2021}}

@article{abdelfattah2021zero,
	author = {Abdelfattah, Mohamed S and Mehrotra, Abhinav and Dudziak, {\L}ukasz and Lane, Nicholas D},
	journal = {arXiv preprint arXiv:2101.08134},
	title = {{Zero-cost proxies for lightweight NAS}},
	year = {2021}}

@inproceedings{zhang2018noisy,
	author = {Zhang, Guodong and Sun, Shengyang and Duvenaud, David and Grosse, Roger},
	booktitle = {International Conference on Machine Learning},
	organization = {PMLR},
	pages = {5852--5861},
	title = {Noisy natural gradient as variational inference},
	year = {2018}}

@article{mishkin2018slang,
	author = {Mishkin, Aaron and Kunstner, Frederik and Nielsen, Didrik and Schmidt, Mark and Khan, Mohammad Emtiyaz},
	journal = {Advances in Neural Information Processing Systems},
	title = {Slang: Fast structured covariance approximations for bayesian deep learning with natural gradient},
	volume = {31},
	year = {2018}}

@article{khan2017vprop,
	author = {Khan, Mohammad Emtiyaz and Liu, Zuozhu and Tangkaratt, Voot and Gal, Yarin},
	journal = {arXiv preprint arXiv:1712.01038},
	title = {Vprop: Variational inference using rmsprop},
	year = {2017}}

@book{mackay2003information,
	author = {MacKay, David JC},
	publisher = {Cambridge university press},
	title = {Information theory, inference and learning algorithms},
	year = {2003}}

@article{fawzi2016robustness,
	author = {Fawzi, Alhussein and Moosavi-Dezfooli, Seyed-Mohsen and Frossard, Pascal},
	journal = {Advances in Neural Information Processing Systems},
	title = {Robustness of classifiers: from adversarial to random noise},
	volume = {29},
	year = {2016}}

@article{modas2021prime,
	author = {Modas, Apostolos and Rade, Rahul and Ortiz-Jim{\'e}nez, Guillermo and Moosavi-Dezfooli, Seyed-Mohsen and Frossard, Pascal},
	journal = {arXiv preprint arXiv:2112.13547},
	title = {PRIME: A few primitives can boost robustness to common corruptions},
	year = {2021}}

@article{fortuin2022priors,
	author = {Fortuin, Vincent},
	journal = {International Statistical Review},
	publisher = {Wiley Online Library},
	title = {Priors in bayesian deep learning: A review},
	year = {2022}}

@inproceedings{moosavi2016deepfool,
	author = {Moosavi-Dezfooli, Seyed-Mohsen and Fawzi, Alhussein and Frossard, Pascal},
	booktitle = {Proceedings of the IEEE conference on computer vision and pattern recognition},
	pages = {2574--2582},
	title = {Deepfool: a simple and accurate method to fool deep neural networks},
	year = {2016}}

@inproceedings{Moosavi-Dezfooli_2017_CVPR,
	author = {Moosavi-Dezfooli, Seyed-Mohsen and Fawzi, Alhussein and Fawzi, Omar and Frossard, Pascal},
	booktitle = {Proceedings of the IEEE Conference on Computer Vision and Pattern Recognition (CVPR)},
	month = {July},
	title = {Universal Adversarial Perturbations},
	year = {2017}}

@inproceedings{sundararajan2017axiomatic,
	author = {Sundararajan, Mukund and Taly, Ankur and Yan, Qiqi},
	booktitle = {International Conference on Machine Learning},
	organization = {PMLR},
	pages = {3319--3328},
	title = {Axiomatic attribution for deep networks},
	year = {2017}}

@article{lim2021temporal,
	author = {Lim, Bryan and Ar{\i}k, Sercan {\"O} and Loeff, Nicolas and Pfister, Tomas},
	journal = {International Journal of Forecasting},
	number = {4},
	pages = {1748--1764},
	publisher = {Elsevier},
	title = {Temporal fusion transformers for interpretable multi-horizon time series forecasting},
	volume = {37},
	year = {2021}}

@inproceedings{koh2017understanding,
	author = {Koh, Pang Wei and Liang, Percy},
	booktitle = {International Conference on Machine Learning},
	organization = {PMLR},
	pages = {1885--1894},
	title = {Understanding black-box predictions via influence functions},
	year = {2017}}

@article{khan2019approximate,
	author = {Khan, Mohammad Emtiyaz E and Immer, Alexander and Abedi, Ehsan and Korzepa, Maciej},
	journal = {Advances in neural information processing systems},
	title = {{Approximate inference turns deep networks into Gaussian processes}},
	volume = {32},
	year = {2019}}

@article{adlam2020cold,
	author = {Adlam, Ben and Snoek, Jasper and Smith, Samuel L},
	journal = {arXiv preprint arXiv:2008.00029},
	title = {Cold posteriors and aleatoric uncertainty},
	year = {2020}}

@article{bachmann2022tempering,
	author = {Bachmann, Gregor and Noci, Lorenzo and Hofmann, Thomas},
	journal = {Advances in Neural Information Processing Systems},
	title = {{How Tempering Fixes Data Augmentation in Bayesian Neural Networks}},
	year = {2022}}

@article{kapoor2022uncertainty,
	author = {Kapoor, Sanyam and Maddox, Wesley J and Izmailov, Pavel and Wilson, Andrew Gordon},
	journal = {Advances in Neural Information Processing Systems},
	title = {{On Uncertainty, Tempering, and Data Augmentation in Bayesian Classification}},
	year = {2022}}

@article{nado2021uncertainty,
	author = {Nado, Zachary and Band, Neil and Collier, Mark and Djolonga, Josip and Dusenberry, Michael W and Farquhar, Sebastian and Feng, Qixuan and Filos, Angelos and Havasi, Marton and Jenatton, Rodolphe},
	journal = {arXiv preprint arXiv:2106.04015},
	title = {Uncertainty Baselines: Benchmarks for uncertainty \& robustness in deep learning},
	year = {2021}}

@article{foret2020sharpness,
	author = {Foret, Pierre and Kleiner, Ariel and Mobahi, Hossein and Neyshabur, Behnam},
	journal = {arXiv preprint arXiv:2010.01412},
	title = {Sharpness-aware minimization for efficiently improving generalization},
	year = {2020}}

@article{neelakantan2015adding,
	author = {Neelakantan, Arvind and Vilnis, Luke and Le, Quoc V and Sutskever, Ilya and Kaiser, Lukasz and Kurach, Karol and Martens, James},
	journal = {arXiv preprint arXiv:1511.06807},
	title = {Adding gradient noise improves learning for very deep networks},
	year = {2015}}

@article{mollenhoff2022sam,
	author = {M{\"o}llenhoff, Thomas and Khan, Mohammad Emtiyaz},
	journal = {arXiv preprint arXiv:2210.01620},
	title = {SAM as an Optimal Relaxation of Bayes},
	year = {2022}}

@article{fort2019deep,
	author = {Fort, Stanislav and Hu, Huiyi and Lakshminarayanan, Balaji},
	journal = {arXiv preprint arXiv:1912.02757},
	title = {Deep ensembles: A loss landscape perspective},
	year = {2019}}

@article{vladimirova2021accurate,
	author = {Vladimirova, Mariia and Arbel, Julyan and Girard, St\'ephane},
	eprint = {2110.02885},
	journal = {Asian Conference on Machine Learning},
	title = {{Bayesian neural network unit priors and generalized Weibull-tail property}},
	year = {2021}}

@article{jacot2018neural,
	author = {Jacot, Arthur and Gabriel, Franck and Hongler, Cl{\'e}ment},
	date-added = {2022-11-14 15:34:27 +0100},
	date-modified = {2022-11-14 15:34:27 +0100},
	journal = {Advances in neural information processing systems},
	title = {Neural tangent kernel: Convergence and generalization in neural networks},
	volume = {31},
	year = {2018}}

@article{rumelhart1986learning,
	author = {Rumelhart, David E and Hinton, Geoffrey E and Williams, Ronald J},
	journal = {Nature},
	number = {6088},
	pages = {533--536},
	title = {Learning representations by back-propagating errors},
	volume = {323},
	year = {1986}}

@article{robbins1951stochastic,
	author = {Robbins, Herbert and Monro, Sutton},
	journal = {The Annals of Mathematical Statistics},
	pages = {400--407},
	title = {A stochastic approximation method},
	year = {1951}}

@article{sun2019survey,
	author = {Sun, Shiliang and Cao, Zehui and Zhu, Han and Zhao, Jing},
	journal = {IEEE Transactions on Cybernetics},
	number = {8},
	pages = {3668--3681},
	title = {A survey of optimization methods from a machine learning perspective},
	volume = {50},
	year = {2019}}

@inproceedings{he2016deep,
	author = {He, Kaiming and Zhang, Xiangyu and Ren, Shaoqing and Sun, Jian},
	booktitle = {Computer Vision and Pattern Recognition},
	title = {Deep residual learning for image recognition},
	year = {2016}}

@article{cybenko1989approximation,
	author = {Cybenko, George},
	journal = {Mathematics of Control, Signals and Systems},
	number = {4},
	pages = {303--314},
	publisher = {Springer},
	title = {Approximation by superpositions of a sigmoidal function},
	volume = {2},
	year = {1989}}

@article{barron1994approximation,
	author = {Barron, Andrew R},
	journal = {Machine Learning},
	number = {1},
	pages = {115--133},
	publisher = {Springer},
	title = {Approximation and estimation bounds for artificial neural networks},
	volume = {14},
	year = {1994}}

@article{chatziafratis2020depth,
	author = {Chatziafratis, Vaggos and Nagarajan, Sai Ganesh and Panageas, Ioannis and Wang, Xiao},
	journal = {International Conference on Learning Representations},
	title = {Depth-width trade-offs for {ReLU} networks via {S}harkovsky's theorem},
	year = {2020}}

@inproceedings{chatziafratis2020better,
	author = {Chatziafratis, Vaggos and Nagarajan, Sai Ganesh and Panageas, Ioannis},
	booktitle = {International Conference on Machine Learning},
	title = {Better depth-width trade-offs for neural networks through the lens of dynamical systems},
	year = {2020}}

@article{belkin2019reconciling,
	author = {Belkin, Mikhail and Hsu, Daniel and Ma, Siyuan and Mandal, Soumik},
	journal = {National Academy of Sciences},
	number = {32},
	pages = {15849--15854},
	title = {Reconciling modern machine-learning practice and the classical bias--variance trade-off},
	volume = {116},
	year = {2019}}

@article{jospin2020handson,
	author = {Jospin, Laurent Valentin and Buntine, Wray and Boussaid, Farid and Laga, Hamid and Bennamoun, Mohammed},
	date-added = {2022-01-04 16:55:19 +0100},
	date-modified = {2022-02-07 15:47:03 +0100},
	journal = {arXiv preprint arXiv:2007.06823},
	title = {Hands-on Bayesian Neural Networks--a Tutorial for Deep Learning Users},
	year = {2020}}

@article{lee2017training,
	author = {Lee, Kimin and Lee, Honglak and Lee, Kibok and Shin, Jinwoo},
	journal = {International Conference on Learning Representations},
	title = {Training confidence-calibrated classifiers for detecting out-of-distribution samples},
	year = {2018}}

@article{mitros2019validity,
	author = {Mitros, John and Mac Namee, Brian},
	journal = {arXiv preprint arXiv:1912.01530},
	title = {On the validity of {B}ayesian neural networks for uncertainty estimation},
	year = {2019}}

@article{ovadia2019can,
	author = {Ovadia, Yaniv and Fertig, Emily and Ren, Jie and Nado, Zachary and Sculley, David and Nowozin, Sebastian and Dillon, Joshua V and Lakshminarayanan, Balaji and Snoek, Jasper},
	journal = {Advances in Neural Information Processing Systems},
	title = {Can you trust your model's uncertainty? {E}valuating predictive uncertainty under dataset shift},
	year = {2019}}

@article{ashukha2020pitfalls,
	author = {Ashukha, Arsenii and Lyzhov, Alexander and Molchanov, Dmitry and Vetrov, Dmitry},
	journal = {International Conference on Learning Representations},
	title = {Pitfalls of in-domain uncertainty estimation and ensembling in deep learning},
	year = {2020}}

@article{minderer2021revisiting,
	author = {Minderer, Matthias and Djolonga, Josip and Romijnders, Rob and Hubis, Frances and Zhai, Xiaohua and Houlsby, Neil and Tran, Dustin and Lucic, Mario},
	journal = {Advances in Neural Information Processing Systems},
	title = {Revisiting the Calibration of Modern Neural Networks},
	year = {2021}}

@inproceedings{wilson2016deep,
	author = {Wilson, Andrew Gordon and Hu, Zhiting and Salakhutdinov, Ruslan and Xing, Eric P},
	booktitle = {International Conference on Artificial Intelligence and Statistics},
	title = {Deep kernel learning},
	year = {2016}}

@inproceedings{hein2019relu,
	author = {Hein, Matthias and Andriushchenko, Maksym and Bitterwolf, Julian},
	booktitle = {Computer Vision and Pattern Recognition},
	title = {Why {ReLU} networks yield high-confidence predictions far away from the training data and how to mitigate the problem},
	year = {2019}}

@inproceedings{glorot2010understanding,
	author = {Glorot, Xavier and Bengio, Yoshua},
	booktitle = {International Conference on Artificial Intelligence and Statistics},
	title = {Understanding the difficulty of training deep feedforward neural networks},
	year = {2010}}

@inproceedings{poole2016exponential,
	author = {Poole, Ben and Lahiri, Subhaneil and Raghu, Maithra and Sohl-{D}ickstein, Jascha and Ganguli, Surya},
	booktitle = {International Conference on Neural Information Processing Systems},
	title = {Exponential expressivity in deep neural networks through transient chaos},
	year = {2016}}

@inproceedings{schoenholz2016deep,
	author = {Schoenholz, Samuel S and Gilmer, Justin and Ganguli, Surya and Sohl-{D}ickstein, Jascha},
	booktitle = {International Conference on Learning Representations},
	title = {Deep information propagation},
	year = {2017}}

@article{mandt2017stochastic,
	author = {Mandt, Stephan and Hoffman, Matthew D. and Blei, David M.},
	date-added = {2020-07-14 16:27:41 +0200},
	date-modified = {2020-07-14 16:27:56 +0200},
	issn = {1532-4435},
	issue_date = {January 2017},
	journal = {J. Mach. Learn. Res.},
	keywords = {stochastic gradient MCMC, variational inference, stochastic optimization, stochastic differential equations, approximate Bayesian inference},
	month = jan,
	number = {1},
	numpages = {35},
	pages = {4873--4907},
	publisher = {JMLR.org},
	title = {Stochastic Gradient Descent as Approximate Bayesian Inference},
	volume = {18},
	year = {2017}}

@article{jospin2020hands,
	author = {Jospin, Laurent Valentin and Buntine, Wray and Boussaid, Farid and Laga, Hamid and Bennamoun, Mohammed},
	date-added = {2022-01-04 16:55:19 +0100},
	date-modified = {2022-01-04 16:55:19 +0100},
	journal = {arXiv preprint arXiv:2007.06823},
	title = {Hands-on Bayesian Neural Networks--a Tutorial for Deep Learning Users},
	year = {2020}}

@article{brix1999generalized,
	author = {Brix, Anders},
	date-added = {2014-10-13 10:55:49 +0000},
	date-modified = {2014-10-13 10:55:49 +0000},
	journal = {Advances in Applied Probability},
	pages = {929--953},
	publisher = {JSTOR},
	title = {Generalized gamma measures and shot-noise {Cox} processes},
	year = {1999}}

@book{hjort2010bayesian,
	author = {Hjort, Nils Lid and Holmes, Chris and M{\"u}ller, Peter and Walker, Stephen G},
	date-added = {2016-01-12 08:56:24 +0000},
	date-modified = {2016-05-24 13:56:02 +0000},
	month = {April},
	publisher = {Cambridge University Press},
	title = {{Bayesian nonparametrics}},
	url = {http://www.cambridge.org/us/academic/subjects/statistics-probability/statistical-theory-and-methods/bayesian-nonparametrics},
	volume = {28},
	year = {2010},
	bdsk-url-1 = {http://www.cambridge.org/us/academic/subjects/statistics-probability/statistical-theory-and-methods/bayesian-nonparametrics}}

@book{Ghosh2003,
	address = {New York},
	author = {J. K. Ghosh and R. V. Ramamoorthi},
	date-added = {2019-07-14 16:07:03 +0200},
	date-modified = {2019-07-14 16:07:03 +0200},
	publisher = {Springer},
	title = {{Bayesian Nonparametrics}},
	year = {2003}}

@misc{alquier2021userfriendly,
	archiveprefix = {arXiv},
	author = {Pierre Alquier},
	date-added = {2021-10-22 09:14:53 +0200},
	date-modified = {2021-10-22 09:14:53 +0200},
	eprint = {2110.11216},
	primaryclass = {stat.ML},
	title = {{User-friendly introduction to PAC-Bayes bounds}},
	year = {2021}}

@book{muller2015dataanalysis,
	author = {Peter {M\"uller} and Fernando Andr\'es {Quintana} and Alejandro {Jara} and Tim {Hanson}},
	date-added = {2016-05-24 13:20:27 +0000},
	date-modified = {2016-05-24 13:53:03 +0000},
	doi = {10.1007/978-3-319-18968-0},
	isbn = {978-3-319-18967-3/hbk; 978-3-319-18968-0/ebook},
	language = {English},
	msc2010 = {62-02 62G99 62G05 62F15 62-04 62G07 62N02 62C10 60G57},
	pages = {xiv + 193},
	publisher = {Cham: Springer},
	title = {{Bayesian nonparametric data analysis}},
	url = {http://www.springer.com/us/book/9783319189673},
	year = {2015},
	zbl = {1333.62003},
	bdsk-url-1 = {http://dx.doi.org/10.1007/978-3-319-18968-0}}
