%% This BibTeX bibliography file was created using BibDesk.
%% http://bibdesk.sourceforge.net/

%% Created for rbardenet at 2017-01-17 11:50:12 +0100 


%% Saved with string encoding Unicode (UTF-8) 



@conference{TJBB05,
	Author = {Teh, Y. W. and Jordan, M. I. and Beal, M. J. and Blei, D. M.},
	Booktitle = {Advances in Neural Information Processing Systems (NIPS)},
	Date-Added = {2017-01-17 10:48:33 +0000},
	Date-Modified = {2017-01-17 10:50:02 +0000},
	Title = {Hierarchical Dirichlet processes}}

@article{CMSHiggs12,
	Author = {{CMS Collaboration}},
	Date-Added = {2013-02-27 17:42:22 +0100},
	Date-Modified = {2013-02-27 17:43:15 +0100},
	Journal = {Phys.Lett. B716},
	Title = {Observation of a new boson at a mass of 125 {GeV} with the {CMS} experiment at the {LHC}},
	Year = {2012}}

@article{ATLASHiggs12,
	Author = {{The ATLAS Collaboration}},
	Date-Added = {2013-02-27 17:40:08 +0100},
	Date-Modified = {2013-02-27 17:44:02 +0100},
	Journal = {Phys.Lett. B716},
	Title = {Observation of a new particle in the search for the {S}tandard {M}odel {H}iggs boson with the {ATLAS} detector at the {LHC}},
	Year = {2012}}

@inproceedings{RaKiHi10,
	Author = {Ranzato, M. and Krizhevsky, A. and Hinton, G. E.},
	Booktitle = {nternational Conference on Artificial Intelligence and Statistics},
	Date-Added = {2013-02-15 22:33:50 +0100},
	Date-Modified = {2013-02-15 22:40:06 +0100},
	Title = {Factored 3-Way Restricted {B}oltzmann Machines for Modeling Natural Images},
	Year = {2010}}

@inproceedings{BaBrKeSe13,
	Abstract = { },
	Author = {Bardenet, R. and Brendel, M. and K\'{e}gl, B. and Sebag, M.},
	Booktitle = {International Conference on Machine Learning (ICML)},
	Date-Added = {2013-02-15 11:49:37 +0100},
	Date-Modified = {2013-02-15 16:51:30 +0100},
	Location = {Atlanta, Georgia},
	Title = {Collaborative hyperparameter tuning},
	Year = {2013}}

@inproceedings{Li09,
	Author = {Li, P.},
	Booktitle = {International Conference on Machine Learning},
	Date-Added = {2013-02-15 11:49:37 +0100},
	Date-Modified = {2013-02-15 11:56:52 +0100},
	Title = {{ABC}-{B}oost: Adaptive Base Class Boost for Multi-class Classification},
	Year = {2009}}

@article{ZhZoRoHa09,
	Author = {Zhu, J. and Zou, H. and Rosset, S. and Hastie, T.},
	Date-Added = {2013-02-15 11:41:35 +0100},
	Date-Modified = {2013-02-15 11:57:42 +0100},
	Journal = {Statistics and its Interface},
	Pages = {349--360},
	Title = {Multi-Class {A}da{B}oost},
	Volume = {2},
	Year = {2009}}

@inproceedings{LBLJK07,
	Abstract = {

Take a set of images and shuffle their pixels in an arbitrary way but using the
same permutation for all the images. The two-dimensional pixel topology can be
reconstructed by looking at the pairwise correlations of pixels across the set,
using only a few thousand pictures.

},
	Author = {Le Roux, N. and Bengio, Y. and Lamblin, P. and M., Joliveau and K\'{e}gl, B.},
	Booktitle = {Advances in Neural Information Processing Systems},
	Date-Added = {2013-02-13 18:25:30 +0100},
	Date-Modified = {2013-02-15 21:09:20 +0100},
	Location = {Vancouver, Canada},
	Month = {Dec.},
	Pages = {841--848},
	Publisher = {The MIT Press},
	Title = {Learning the 2-{D} Topology of Images},
	Volume = {20},
	Year = {2007},
	Bdsk-Url-1 = {http://books.nips.cc/papers/files/nips20/NIPS2007_0925.pdf}}

@inproceedings{CoBeBe11,
	Author = {Courville, A. and Bergstra, J. and Bengio, Y.},
	Booktitle = {14th International Conference on Artificial Intelligence and Statistics ({AISTATS})},
	Date-Added = {2013-01-24 11:23:59 +0100},
	Date-Modified = {2013-01-24 11:30:49 +0100},
	Title = {The spike and slab restricted {B}oltzmann machine},
	Year = {2011}}

@techreport{GlWi12,
	Author = {Gligorov, V. and Williams, M.},
	Date-Added = {2013-01-15 15:44:41 +0100},
	Date-Modified = {2013-01-15 15:47:47 +0100},
	Institution = {arXiv:1210.6861},
	Title = {Efficient, reliable and fast high-level triggering using a bonsai boosted decision tree},
	Year = {2012}}

@article{CCGV11,
	Author = {Cowan, G. and Cranmer, K. and Gross, E. and Vitells, O.},
	Doi = {10.1140/epjc/s10052-011-1554-0},
	Issn = {1434-6044},
	Issue = {2},
	Journal = {The European Physical Journal C},
	Language = {English},
	Pages = {1-19},
	Publisher = {Springer-Verlag},
	Title = {Asymptotic formulae for likelihood-based tests of new physics},
	Url = {http://arxiv.org/abs/1007.1727},
	Volume = {71},
	Year = {2011},
	Bdsk-Url-1 = {http://arxiv.org/abs/1007.1727},
	Bdsk-Url-2 = {http://dx.doi.org/10.1140/epjc/s10052-011-1554-0}}

@inproceedings{GaSe10,
	Author = {Gaudel, R. and Sebag, M.},
	Booktitle = {International Conference on Machine Learning (ICML'10)},
	Date-Added = {2013-01-05 14:28:03 +0100},
	Date-Modified = {2013-01-05 14:29:06 +0100},
	Title = {Feature Selection as a one-player game},
	Year = {2010}}

@article{CALICE11,
	Author = {{CALICE Collaboration, C. Adloff et al.}},
	Date-Added = {2013-01-05 14:14:13 +0100},
	Date-Modified = {2013-01-05 14:17:31 +0100},
	Journal = {Journal of Instrumentation},
	Pages = {07005},
	Title = {Tests of a particle flow algorithm with {CALICE} test beam data},
	Volume = {6},
	Year = {2011}}

@article{Tho09,
	Author = {Thomson, M.A.},
	Date-Added = {2013-01-05 14:11:59 +0100},
	Date-Modified = {2013-01-05 14:13:44 +0100},
	Journal = {Nuclear Instruments and Methods A},
	Title = {Particle Flow Calorimetry and the {P}andora {PFA} Algorithm},
	Volume = {25},
	Year = {2009}}

@inproceedings{BrVi02,
	Address = {LLR-02-001},
	Author = {Brient, J.C. and Videau, H.},
	Booktitle = {eConf},
	Date-Added = {2013-01-05 14:00:09 +0100},
	Date-Modified = {2013-01-05 14:05:58 +0100},
	Institution = {arXiv:hep-ex/0202004v1},
	Pages = {E3047},
	Publisher = {arXiv:hep-ex/0202004v1},
	Title = {The calorimetry at the future e$^+$e$^-$ linear collider},
	Volume = {C010630},
	Year = {2001}}

@inproceedings{SnLaAd12,
	Author = {Snoek, J. and Larochelle, H. and Adams, R. P.},
	Booktitle = {Advances in Neural Information Processing Systems},
	Date-Added = {2012-12-15 00:58:32 +0100},
	Date-Modified = {2012-12-15 01:01:49 +0100},
	Title = {Practical {B}ayesian Optimization of Machine Learning Algorithms},
	Volume = {25},
	Year = {2012}}

@article{Aal09,
	Author = {{T. Aaltonen et al.}},
	Doi = {10.1103/PhysRevLett.103.092002},
	Journal = {Physical Review Letters},
	Number = {9},
	Numpages = {7},
	Title = {Observation of Electroweak Single Top-Quark Production},
	Volume = {103},
	Year = {2009},
	Bdsk-Url-1 = {http://dx.doi.org/10.1103/PhysRevLett.103.092002}}

@article{Aba09,
	Author = {{V. M. Abazov et al.}},
	Date-Modified = {2013-01-14 18:01:07 +0100},
	Doi = {10.1103/PhysRevLett.103.092001},
	Journal = {Physical Review Letters},
	Number = {9},
	Numpages = {7},
	Title = {Observation of Single Top-Quark Production},
	Volume = {103},
	Year = {2009},
	Bdsk-Url-1 = {http://dx.doi.org/10.1103/PhysRevLett.103.092001}}

@inproceedings{AiBrGaKe04,
	Author = {A{\"{\i}}meur, E. and Brassard, G. and Gambs, S. and K{\'e}gl, B.},
	Booktitle = {Proceedings of the International Workshop on Privacy and Security Issues in Data Mining, in conjunction with PKDD'04},
	Pages = {51--69},
	Title = {Privacy-Preserving Boosting},
	Year = {2004}}

@incollection{AiSp20,
	Author = {Aiolli, F. and Sperduti, A.},
	Booktitle = {Preference Learning},
	Publisher = {Springer-Verlag},
	Title = {A Preference Optimization Based Unifying Framework for Supervised Learning Problems},
	Year = {2010}}

@inproceedings{AgAg01,
	Author = {Agrawal, D. and Aggarwal, C. C.},
	Booktitle = {Proceedings of the 20th ACM Symposium of Principles of Databases Systems},
	Pages = {247--255},
	Title = {On the design and quantification of privacy preserving data mining algorithms},
	Year = {2001}}

@inproceedings{AgEvSr03,
	Author = {Agrawal, R. and Evfimievski, A. and Srikant, R.},
	Booktitle = {Proceedings of the ACM SIGMOD International Conference on Management of Data},
	Pages = {86--97},
	Title = {Information sharing across private databases},
	Year = {2003}}

@inproceedings{AgSr00,
	Author = {Agrawal, R. and Srikant, R.},
	Booktitle = {Proceedings of the ACM SIGMOD International Conference on Management of Data},
	Pages = {439--450},
	Title = {Privacy-preserving data mining},
	Year = {2000}}

@book{AmNa01,
	Author = {Amari, S. and Nagaoka, H.},
	Publisher = {American Mathematical Society},
	Title = {Methods of Information Geometry},
	Year = {2001}}

@article{AMMAB08,
	Author = {{von Ahn}, L. and Maurer, B. and McMillen, C. and Abraham, D. and M., Blum},
	Journal = {Science},
	Number = {5895},
	Pages = {1465--1468},
	Title = {{reCAPTCHA}: Human-Based Character Recognition via Web Security Measures},
	Volume = {321},
	Year = {2008}}

@inproceedings{AlGrAm02,
	Author = {d'Alch\'{e}-Buc, F. and Grandvalet, Y. and Ambroise, C.},
	Booktitle = {Advances in Neural Information Processing Systems},
	Date-Modified = {2012-08-28 14:48:43 +0200},
	Pages = {553--560},
	Publisher = {The MIT Press},
	Title = {Semi-supervised {M}argin{B}oost},
	Volume = {14},
	Year = {2002}}

@article{AnDoHo10,
	Author = {Andrieu, C. and Doucet, A. and Holenstein, R.},
	Journal = {Journal of the Royal Statistical Society B},
	Title = {Particle {M}arkov chain {M}onte {C}arlo methods},
	Year = {2010}}

@article{AnKeLiLu02,
	Author = {Antos, A. and K\'egl, B. and Linder, T. and Lugosi, G.},
	Journal = {Journal of Machine Learning Research},
	Pages = {73--98},
	Title = {Data-dependent margin-based generalization bounds for classification},
	Year = {2002}}

@techreport{AmBlWi00,
	Author = {Amit, Y. and Blanchard, G. and Wilder, K.},
	Institution = {Department of Statistics, University of Chicago},
	Number = {496},
	Title = {Multiple randomized classifiers: {MRCL}},
	Year = {2000}}

@inproceedings{ABEIV99,
	Author = {Atallah, M. J. and Bertino, E. and Elmagarmid, A. K. and Ibrahim, M. and Verykios, V. S.},
	Booktitle = {Proceedings of the IEEE Knowledge and Data Engineering Workshop},
	Pages = {45--52},
	Title = {Disclosure limitations of sensitive rules},
	Year = {1999}}

@inproceedings{ANOK10,
	Author = {Akimoto, Y. and Nagata, Y. and Ono, I. and Kobayashi, S.},
	Booktitle = {Proceedings of the 11th international conference on Parallel problem solving from nature (PPSN)},
	Title = {Bidirectional relation between {CMA} evolution strategies and natural evolution strategies},
	Year = {2010}}

@article{AnMoPr05,
	Author = {Andrieu, C. and Moulines, E. and Priouret, P.},
	Journal = {SIAM Journal on Control and Optimization},
	Pages = {283--312},
	Title = {Stability Of Stochastic Approximation Under Verifiable Conditions},
	Volume = {44},
	Year = {2005}}

@article{AnMo06,
	Author = {Andrieu, C. and Moulines, E.},
	Journal = {Annals of Applied Probability},
	Number = {3},
	Pages = {1462--1505},
	Title = {On the ergodicity properties of some adaptive {MCMC} algorithms},
	Volume = {16},
	Year = {2006}}

@article{AnTh08,
	Author = {Andrieu, C. and Thoms, J.},
	Journal = {Statistics and Computing},
	Pages = {343--373},
	Title = {A tutorial on adaptive {MCMC}},
	Volume = {18},
	Year = {2008}}

@techreport{AAHO11,
	Author = {Arnold, L. and Auger, A. and Hansen, N. and Ollivier, Y.},
	Institution = {LRI},
	Title = {Information-Geometric Optimization Algorithms: A Unifying Picture via Invariance Principles},
	Year = {2011}}

@inbook{AtFoMoPr11,
	Author = {Atchad\'e, Y. and Fort, G. and Moulines, E. and Priouret, P.},
	Chapter = {Adaptive {M}arkov chain {M}onte {C}arlo: Theory and Methods},
	Pages = {33--53},
	Publisher = {Cambridge Univ. Press},
	Title = {Bayesian Time Series Models},
	Year = {2011}}

@techreport{ATLAS99,
	Author = {{ATLAS Collaboration}},
	Institution = {CERN/LHCC},
	Number = {99-15},
	Title = {{ATLAS} Detector and Physics Performance Technical Design Report},
	Year = {1999}}

@article{AuMuSze09,
	Author = {Audibert, J.-Y. and Munos, R. and Szepesv{\'a}ri, Cs.},
	Journal = {Theor. Comput. Sci.},
	Number = {19},
	Pages = {1876--1902},
	Title = {Exploration-exploitation tradeoff using variance estimates in multi-armed bandits},
	Volume = {410},
	Year = {2009}}

@article{AuCeFi02,
	Author = {Auer, P. and Cesa-Bianchi, N. and Fischer, P.},
	Journal = {Machine Learning},
	Pages = {235--256},
	Title = {Finite-time Analysis of the Multiarmed Bandit Problem},
	Volume = {47},
	Year = {2002}}

@article{ACFS02,
	Author = {Auer, P. and Cesa-Bianchi, N. and Freund, Y. and Schapire, R.E.},
	Journal = {SIAM Journal on Computing},
	Number = {1},
	Pages = {48--77},
	Title = {The non-stochastic multi-armed bandit problem},
	Volume = {32},
	Year = {2002}}

@inproceedings{AuCeFrSc95,
	Author = {Auer, P. and Cesa-Bianchi, N. and Freund, Y. and Schapire, R.E.},
	Booktitle = {Proceedings of the 36th Annual Symposium on Foundations of Computer Science},
	Pages = {322--331},
	Publisher = {IEEE Computer Society Press},
	Title = {Gambling in a rigged casino: The adversarial multi-armed bandit problem},
	Year = {1995}}

@article{LHCb08,
	Author = {{A. Augusto Alvez et al.}},
	Journal = {Journal of Instrumentation},
	Title = {The {LHCb} Detector at the {LHC}},
	Volume = {3},
	Year = {2008}}

@techreport{AUGER97,
	Author = {{Pierre Auger Collaboration}},
	Institution = {Pierre Auger Observatory},
	Title = {{P}ierre {A}uger Project Design Report},
	Year = {1997}}

@article{AvIn99,
	Author = {Avnimelech, R. and Intrator, N.},
	Journal = {Neural Computation},
	Pages = {491--513},
	Title = {Boosting regression estimators},
	Volume = {11},
	Year = {1999}}

@inproceedings{BaYaBe09,
	Author = {Babenko, B. and Yang, M.H. and Belongie, S.},
	Booktitle = {Computer Vision Workshops (ICCV Workshops)},
	Pages = {1346--1353},
	Title = {A family of online boosting algorithms},
	Year = {2009}}

@inproceedings{BaBrKeSe12,
	Author = {Bardenet, R. and Brendel, M. and K\'{e}gl, B. and Sebag, M.},
	Booktitle = {NIPS workshop on {B}ayesian Optimization and Decision Making},
	Title = {{SC}o{T}: surrogate-based collaborative tuning for hyperparameter learning that remembers the past},
	Year = {2012}}

@inproceedings{BaCaFoKe12,
	Author = {Bardenet, R. and Capp\'{e}, O. and Fort, G. and K\'{e}gl, B.},
	Booktitle = {Proceedings of the International Conference on Artificial Intelligence and Statistics (AISTATS)},
	Location = {La Palma, Spain},
	Month = {April},
	Pages = {91--99},
	Title = {An adaptive {M}etropolis algorithm with online relabeling},
	Volume = {22},
	Year = {2012}}

@inproceedings{BaCaFoKe12ForACAT,
	Author = {Bardenet, R. and Capp\'{e}, O. and Fort, G. and K\'{e}gl, B.},
	Booktitle = {Proceedings of the International Conference on Artificial Intelligence and Statistics (AISTATS)},
	Location = {La Palma, Spain},
	Month = {April},
	Pages = {91--99},
	Title = {An adaptive {M}etropolis algorithm with online relabeling},
	Volume = {22},
	Year = {2012}}

@article{BaCaFoKe15,
	Author = {Bardenet, R. and Capp\'e, O. and Fort, G. and K\'egl, B.},
	Journal = {Bernoulli},
	Number = {3},
	Pages = {1304--1340},
	Title = {Adaptive {MCMC} with online relabeling},
	Volume = {21},
	Year = {2015}}

@article{BaCaFoKe13,
	Author = {Bardenet, R. and Capp\'e, O. and Fort, G. and K\'egl, B.},
	Note = {accepted in Bernoulli, available as \textcolor{magenta}{\href{arxiv.org/abs/1210.2601}{arxiv.org/abs/1210.2601}}},
	Title = {Adaptive {MCMC} with online relabeling},
	Year = {2013}}

@inproceedings{BaKe09,
	Author = {Bardenet, R. and K\'{e}gl, B.},
	Booktitle = {NIPS workshop on Optimization for Machine Learning},
	Title = {Sampling-based optimization with mixtures},
	Year = {2009}}

@inproceedings{BaKe10,
	Author = {Bardenet, R. and K\'{e}gl, B.},
	Booktitle = {Proceedings of the 27th International Conference on Machine Learning (ICML)},
	Title = {Surrogating the surrogate: accelerating {G}aussian-process-based global optimization with a mixture cross-entropy algorithm},
	Year = {2010}}

@inproceedings{BaKeFo10,
	Author = {Bardenet, R. and K\'{e}gl, B. and Fort, G.},
	Booktitle = {Snowbird Learning workshop},
	Title = {Relabelling MCMC Algorithms in Bayesian Mixture Learning},
	Year = {2010}}

@inproceedings{BaKe12,
	Author = {Bardenet, R. and K\'{e}gl, B.},
	Booktitle = {Proceedings of ACAT'11, Journal of Physics: Conference series},
	Title = {An adaptive {M}onte {C}arlo {M}arkov chain algorithm for inference from mixture signals},
	Year = {2012}}

@inproceedings{bartlett2007adaboost,
	Author = {Bartlett, P.},
	Booktitle = {Advances in Neural Information Processing Systems},
	Pages = {134--140},
	Title = {For valid generalization, the size of the weights is more important than the size of the network},
	Volume = {9},
	Year = {1997}}

@article{Bar98,
	Author = {Bartlett, P.},
	Journal = {IEEE Transactions on Information Theory},
	Number = {2},
	Pages = {525--536},
	Title = {The sample complexity of pattern classification with neural networks: the size of the weights is more important than the size of the network},
	Volume = {44},
	Year = {1998}}

@article{BaBoLu01,
	Author = {Bartlett, P. L. and Boucheron, S. and Lugosi, G.},
	Journal = {Machine Learning},
	Pages = {85--113},
	Title = {Model selection and error estimation},
	Volume = {48},
	Year = {2001}}

@incollection{BaSh99,
	Author = {Bartlett, P. and Shawe-Taylor, J.},
	Booktitle = {Advances in Kernel Methods -- Support Vector Learning},
	Publisher = {MIT Press},
	Title = {Generalization performance of support vector machines and other pattern classifiers},
	Year = {1999}}

@inproceedings{Bar07,
	Author = {Bartlett, P.L. and Traskin, M.},
	Booktitle = {Advances in Neural Information Processing Systems},
	Organization = {The MIT Press},
	Pages = {105},
	Title = {AdaBoost is Consistent},
	Volume = {19},
	Year = {2007}}

@inproceedings{BaLaPr05,
	Author = {Bartz-Beielstein, T. and Lasarczyk, C.W.G. and Preuss, M.},
	Booktitle = {Proceedings of the Congress on Evolutionary Computation},
	Pages = {773--780},
	Publisher = {IEEE Press},
	Title = {Sequential parameter optimization},
	Year = {2005}}

@inproceedings{BaAg05,
	Author = {Bayardo, R. and Agrawal, R.},
	Booktitle = {Proceedings of the 21st IEEE International Conference on Data Engineering},
	Pages = {217--228},
	Title = {Data privacy through optimal k-anonymization},
	Year = {2005}}

@article{BeRo05,
	Author = {Beskos, A. and Roberts, G.O.},
	Journal = {Annals of Applied Probability},
	Number = {4},
	Pages = {2422--2444},
	Title = {Exact simulation of diffusions},
	Volume = {15},
	Year = {2005}}

@inproceedings{BeSt07,
	Author = {Beskos, A. and Roberts, G.O.},
	Booktitle = {Proceedings of the International Congress of Industrial and Applied Mathematicians},
	Title = {{MCMC} methods for sampling function space},
	Year = {2007}}

@article{BeNi03,
	Author = {Belkin, M. and Niyogi, P.},
	Journal = {Neural Computation},
	Number = {6},
	Pages = {1373--1396},
	Title = {{L}aplacian eigenmaps for dimensionality reduction and data representation},
	Volume = {15},
	Year = {2003}}

@inproceedings{BeMaNi04,
	Author = {Belkin, M. and Matveeva, I. and Niyogi, P.},
	Booktitle = {Proceedings of the 17th Conference on Computational Learning Theory},
	Title = {Regression and regularization on large graphs},
	Year = {2004}}

@article{BeNi04,
	Author = {Belkin, M. and Niyogi, P.},
	Journal = {Machine Learning},
	Pages = {209--239},
	Title = {Semi-supervised Learning on {R}iemannian Manifolds},
	Year = {2004}}

@techreport{MEMPHYS06,
	Author = {de Bellefon, A. and Bouchez, J. and Busto, J. and Campagne, J.-E. and Cavata, C. and Dolbeau, J. and Dumarchez, J. and Gorodetzky, P. and Katsanevas, S. and Mezzetto, M. and Mosca, L. and Patzak, T. and Salin, P. and Tonazzo, A. and Volpe, C.},
	Institution = {HEP Archives},
	Number = {hep-ex/0607026},
	Title = {{MEMPHYS}: {A} large scale water {C}herenkov detector at {F}r\'{e}jus},
	Year = {2006}}

@techreport{MEMPHYS06Short,
	Author = {{A. de Bellefon et al.}},
	Institution = {HEP Archives},
	Number = {hep-ex/0607026},
	Title = {{MEMPHYS}: {A} large scale water {C}herenkov detector at {F}r\'{e}jus},
	Year = {2006}}

@article{BBCCK11,
	Author = {Benbouzid, D. and Busa-Fekete, R. and Casagrande, N. and Collin, F.-D. and K\'{e}gl, B.},
	Journal = {Journal of Machine Learning Research},
	Pages = {549--553},
	Title = {Multi{B}oost: a multi-purpose boosting package},
	Volume = {13},
	Year = {2012},
	Bdsk-File-1 = {YnBsaXN0MDDUAQIDBAUGJCVYJHZlcnNpb25YJG9iamVjdHNZJGFyY2hpdmVyVCR0b3ASAAGGoKgHCBMUFRYaIVUkbnVsbNMJCgsMDxJXTlMua2V5c1pOUy5vYmplY3RzViRjbGFzc6INDoACgAOiEBGABIAFgAdccmVsYXRpdmVQYXRoWWFsaWFzRGF0YV8QFExlYXJuaW5nL0JCQ0NLMTEucGRm0hcLGBlXTlMuZGF0YU8RAZIAAAAAAZIAAgAADE1hY2ludG9zaCBIRAAAAAAAAAAAAAAAAAAAANHnlNJIKwAAABK8+QtCQkNDSzExLnBkZgAAAAAAAAAAAAAAAAAAAAAAAAAAAAAAAAAAAAAAAAAAAAAAAAAAAAAAAAAAAAAAAAAAAAAAEr0FzGWxTgAAAAAAAAAAAAEAAwAACSAAAAAAAAAAAAAAAAAAAAAITGVhcm5pbmcAEAAIAADR53iyAAAAEQAIAADMZZUuAAAAAQAUABK8+QASvKYAEqkGAAmWVQACmFwAAgA/TWFjaW50b3NoIEhEOlVzZXJzOgByYmFyZGVuZXQ6AFdvcms6AEJpYjoATGVhcm5pbmc6AEJCQ0NLMTEucGRmAAAOABgACwBCAEIAQwBDAEsAMQAxAC4AcABkAGYADwAaAAwATQBhAGMAaQBuAHQAbwBzAGgAIABIAEQAEgAtVXNlcnMvcmJhcmRlbmV0L1dvcmsvQmliL0xlYXJuaW5nL0JCQ0NLMTEucGRmAAATAAEvAAAVAAIAEP//AACABtIbHB0eWiRjbGFzc25hbWVYJGNsYXNzZXNdTlNNdXRhYmxlRGF0YaMdHyBWTlNEYXRhWE5TT2JqZWN00hscIiNcTlNEaWN0aW9uYXJ5oiIgXxAPTlNLZXllZEFyY2hpdmVy0SYnVHJvb3SAAQAIABEAGgAjAC0AMgA3AEAARgBNAFUAYABnAGoAbABuAHEAcwB1AHcAhACOAKUAqgCyAkgCSgJPAloCYwJxAnUCfAKFAooClwKaAqwCrwK0AAAAAAAAAgEAAAAAAAAAKAAAAAAAAAAAAAAAAAAAArY=}}

@inproceedings{BeBuKe11,
	Author = {Benbouzid, D. and Busa-Fekete, R. and K\'{e}gl, B.},
	Booktitle = {Proceedings of the 29th International Conference on Machine Learning},
	Date-Modified = {2012-08-29 16:32:39 +0200},
	Title = {Fast classification using sparse decision {DAGs}},
	Year = {2012}}

@inproceedings{BuBeKe11a,
	Author = {Benbouzid, D. and Busa-Fekete, R. and K\'{e}gl, B.},
	Booktitle = {NIPS'11 workshop on Deep Learning and Unsupervised Feature Learning},
	Title = {{\textsc MDDAG}: learning deep decision {DAGs} in a {M}arkov decision process setup},
	Year = {2011}}

@inproceedings{BeLa07,
	Author = {Bennett, J. and Lanning, S.},
	Booktitle = {KDDCup 2007},
	Title = {The {Netflix} Prize},
	Year = {2007}}

@article{Ben99a,
	Author = {Bengio, Y.},
	Journal = {Neural Computation},
	Number = {8},
	Pages = {1889--1900},
	Title = {Gradient-based optimization of hyperparameters},
	Url1 = {PDFs/Ben99a.pdf},
	Volume = {12},
	Year = {2000}}

@inproceedings{Ben99,
	Author = {Bengio, Y.},
	Booktitle = {Proceedings of the International Joint Conference on Neural Networks},
	Pages = {305--310},
	Title = {Continuous optimization of hyperparameters},
	Url1 = {PDFs/Ben99.pdf},
	Volume = {1},
	Year = {2000}}

@article{Ben09,
	Author = {Bengio, Y.},
	Journal = {Foundations and Trends in Machine Learning},
	Number = {1},
	Pages = {1--127},
	Title = {Learning Deep Architectures for {AI}},
	Volume = {2},
	Year = {2009}}

@article{BeCoVi12,
	Author = {Bengio, Y. and Courville, A.C. and Vincent, P.},
	Journal = {CoRR},
	Title = {Unsupervised Feature Learning and Deep Learning: A Review and New Perspectives},
	Url = {http://arxiv.org/abs/1206.5538},
	Volume = {abs/1206.5538},
	Year = {2012},
	Bdsk-Url-1 = {http://arxiv.org/abs/1206.5538}}

@article{BeGa04,
	Abstract = {

Analyzes the variance of cross-validation estimates.

},
	Author = {Bengio, Y. and Grandvalet, Y.},
	Journal = {Journal of Machine Learning Research},
	Pages = {1089--1105},
	Title = {No unbiased estimator of the variance of K-fold cross-validation},
	Url1 = {PDFs/BeGr04.pdf},
	Volume = {5},
	Year = {2004}}

@article{BeMoLa06,
	Author = {Bengio, Y. and Monperrus, M. and Larochelle, H.},
	Journal = {Neural Computation},
	Pages = {2509--2528},
	Title = {Nonlocal estimation of manifold structure},
	Volume = {18},
	Year = {2006}}

@inproceedings{BeDeMa02,
	Author = {Bennett, K.P. and Demiriz, A. and Maclin, R.},
	Booktitle = {Proceedings of the 8th International Conference on Knowledge Discovery and Data Mining},
	Pages = {289--296},
	Title = {Exploiting unlabeled data in ensemble methods},
	Year = {2002}}

@inproceedings{BeGoWi88,
	Author = {Ben-{O}r, M. and Goldwasser, S. and Wigderson, A.},
	Booktitle = {Proceedings of the 20th ACM Annual Symposium on the Theory of Computing},
	Pages = {1--10},
	Title = {Completeness theorems for non-cryptographic fault-tolerant distributed computation},
	Year = {1988}}

@article{BeBe12,
	Author = {Bergstra, J. and Bengio, Y.},
	Journal = {Journal of Machine Learning Research},
	Title = {Random Search for Hyper-Parameter Optimization},
	Year = {2012}}

@inproceedings{BeBaKeBe11,
	Author = {Bergstra, J. and Bardenet, R. and K\'egl, B. and Bengio, Y.},
	Booktitle = {Advances in Neural Information Processing Systems (NIPS)},
	Organization = {The MIT Press},
	Title = {Algorithms for hyperparameter optimization},
	Volume = {24},
	Year = {2011}}

@article{BCEEK05,
	Author = {Bergstra, J. and Casagrande, N. and Erhan, D. and Eck, D. and K\'{e}gl, B.},
	Journal = {Machine Learning Journal},
	Number = {2/3},
	Pages = {473--484},
	Title = {Aggregate Features and {A}da{B}oost for Music Classification},
	Volume = {65},
	Year = {2006}}

@inproceedings{BeCaPa97,
	Author = {Bertoni, A. and Campadelli, P. and Parodi, M.},
	Booktitle = {Proceedings of the International Conference on Artificial Neural Networks},
	Pages = {343--348},
	Title = {A boosting algorithm for regression},
	Year = {1997}}

@article{BeFoPr05,
	Author = {Bertino, E. and Fovino, I. Nai and Provenza, L. Parasiliti},
	Journal = {Data Mining and Knowledge Discovery},
	Number = {2},
	Pages = {121--154},
	Title = {A framework for evaluating privacy preserving data mining algorithms},
	Volume = {11},
	Year = {2005}}

@inbook{BeLaZa08,
	Author = {Beygelzimer, A. and Langford, J. and Zadrozny, B.},
	Chapter = {Machine Learning Techniques--Reductions Between Prediction Quality Metrics},
	Publisher = {Springer},
	Title = {Performance Modeling and Engineering},
	Year = {2008}}

@article{BiDeLu08,
	Author = {Biau, G. and Devroye, L. and Lugosi, G.},
	Journal = {IEEE Transactions on Information Theory},
	Pages = {781--790},
	Title = {On the performance of clustering in {H}ilbert spaces},
	Volume = {54},
	Year = {2008}}

@article{BiMa07,
	Author = {Birg\'{e}, L. and Massart, P.},
	Journal = {Probability Theory and Related Fields},
	Pages = {33--73},
	Title = {Minimal penalties for {G}aussian model selection},
	Volume = {138},
	Year = {2007}}

@book{Bis95,
	Author = {Bishop, C. M.},
	Publisher = {Oxford University Press},
	Title = {Neural Networks for Pattern Recognition},
	Year = {1995}}

@book{Bis06,
	Author = {Bishop, C. M.},
	Publisher = {Springer},
	Title = {Pattern Recognition and Machine Learning},
	Year = {2006}}

@misc{BlMe98,
	Author = {Blake, C. L. and Merz, C. J.},
	Howpublished = {Available at {\tt http://www.ics.uci.edu/$\sim$mlearn/MLRepository.html}},
	Title = {{UCI} Repository of machine learning databases},
	Year = {1998}}

@inproceedings{BlCh01,
	Author = {Blum, A. and Chawla, S.},
	Booktitle = {Proceedings of the 18th International Conference on Machine Learning},
	Pages = {19--28},
	Title = {Learning from labeled and unlabeled data using graph mincuts},
	Year = {2001}}

@phdthesis{Bor07,
	Author = {Borgwardt, K.M.},
	Title = {Graph kernels},
	Year = {2007}}

@inproceedings{BoGuVa92,
	Author = {Boser, B. and Guyon, I. and Vapnik, V.},
	Booktitle = {Fifth Annual Workshop on Computational Learning Theory},
	Pages = {144--152},
	Title = {A training algorithm for optimal margin classifiers},
	Year = {1992}}

@article{Bor81,
	Author = {Borda, J. C.},
	Journal = {Histoire de l'Acad\'emie Royale des Sciences (Acad\'emie Royale des Sciences, Paris)},
	Title = {M\'emoire sur les \'elections au scrutin.},
	Year = {1781}}

@book{Bor08,
	Author = {Borkar, V. S.},
	Publisher = {Cambridge University Press},
	Title = {Stochastic Approximation: A Dynamical Systems Viewpoint},
	Year = {2008}}

@inbook{BoErTu06,
	Author = {Borisov, A. and Eruhimov, A. and Tuv, E.},
	Book = {Feature Extraction},
	Pages = {359-374},
	Publisher = {Springer},
	Title = {Tree-Based Ensembles with Dynamic Soft Feature Selection},
	Volume = {207},
	Year = {2006}}

@article{Bor03,
	Author = {{A. Borisy et al.}},
	Journal = {Proceedings of the National Academy of Sciences},
	Pages = {7977--7982},
	Title = {Systematic discovery of multicomponent therapeutics},
	Volume = {100},
	Year = {2003}}

@inproceedings{Bo10,
	Author = {Bottou, L.},
	Booktitle = {International Conference on Computational Statistics},
	Pages = {177--187},
	Title = {Large-Scale Machine Learning with Stochastic Gradient Descent},
	Volume = {19},
	Year = {2010}}

@inproceedings{BoBo08,
	Author = {Bottou, L. and Bousquet, O.},
	Booktitle = {Advances in Neural Information Processing Systems},
	Pages = {161--168},
	Title = {The Tradeoffs of Large Scale Learning},
	Volume = {20},
	Year = {2008}}

@inproceedings{BoBr05,
	Author = {Bourdev, L. and Brandt, J.},
	Booktitle = {Conference on Computer Vision and Pattern Recognition},
	Pages = {236--243},
	Publisher = {IEEE Computer Society},
	Title = {Robust object detection via soft cascade},
	Volume = {2},
	Year = {2005}}

@article{BoEl02,
	Author = {Bousquet, O. and Elisseeff, A.},
	Journal = {Journal of Machine Learning Research},
	Pages = {499--526},
	Title = {Stability and Generalization},
	Volume = {2},
	Year = {2002}}

@book{BoVa04,
	Author = {Boyd, S. and Vandenberghe, L.},
	Publisher = {Cambridge University Press},
	Title = {Convex {O}ptimization},
	Year = {2004}}

@inproceedings{BrSc07,
	Author = {Bradley, J.K. and Schapire, R.E.},
	Booktitle = {Advances in Neural Information Processing Systems},
	Publisher = {The MIT Press},
	Title = {{FilterBoost}: Regression and Classification on Large Datasets},
	Volume = {20},
	Year = {2008}}

@inproceedings{BrSc11,
	Author = {Brendel, M. and Schoenauer, M.},
	Booktitle = {Proceedings of the 20th Genetic and Evolutionary Computation Conference},
	Title = {Instance-based parameter tuning for evolutionary {AI} planning},
	Year = 2011}

@article{Bre78,
	Author = {Brewer, J.W.},
	Journal = {IEEE Transactions on Circuits and Systems},
	Pages = {772--781},
	Title = {Kronecker products and matrix calculus in system theory},
	Volume = {25},
	Year = {1978}}

@techreport{Bre97,
	Author = {Breiman, L.},
	Institution = {Statistics Department, University of California at Berkeley},
	Number = {504},
	Title = {Prediction games and arcing classifiers},
	Year = {1997}}

@article{Bre99,
	Author = {Breiman, L.},
	Journal = {Neural Computation},
	Pages = {1493--1518},
	Title = {Prediction games and arcing classifiers},
	Volume = {11},
	Year = {1999}}

@article{Bre98,
	Author = {Breiman, L.},
	Journal = {Annals of Statistics},
	Month = {June},
	Number = {3},
	Pages = {801--823},
	Title = {Arcing classifiers},
	Volume = {26},
	Year = {1998}}

@inproceedings{BrSaUr12,
	Author = {Brubacker, M.A. and Salzmann, M. and Urtasun, R.},
	Booktitle = {Proceedings of the 15th International Conference on Artificial Intelligence and Statistics (AISTATS)},
	Title = {A family of {MCMC} methods on implicitly defined manifolds},
	Year = {2012}}

@article{BrMuRe06,
	Author = {Brubaker, S. and Mullin, M. and Rehg, J.},
	Journal = {Computer Vision--ECCV 2006},
	Pages = {325--337},
	Publisher = {Springer},
	Title = {Towards optimal training of cascaded detectors},
	Year = {2006}}

@inproceedings{BSRLDHH05,
	Author = {Burges, C. and Shaked, T. and Renshaw, E. and Lazier, A. and Deeds, M. and Hamilton, N. and Hullender, G.},
	Booktitle = {Proceedings of the 22th International Conference on Machine Learning},
	Title = {Learning to rank using gradient descent},
	Year = {2005}}

@inproceedings{BSBPW10,
	Author = {Burges, C. and Svore, K. and Bennett, P. and Pastusiak, A. and Wu, Q.},
	Booktitle = {Yahoo! {L}earning-to-{R}ank {C}hallenge (JMLR W\&CP)},
	Pages = {25--35},
	Title = {Learning to Rank Using an Ensemble of Lambda-Gradient Models},
	Volume = {14},
	Year = {2011}}

@inproceedings{BuKe10,
	Author = {Busa-Fekete, R. and K\'{e}gl, B.},
	Booktitle = {International Conference on Machine Learning},
	Location = {Haifa, Israel},
	Pages = {143--150},
	Title = {Fast boosting using adversarial bandits},
	Volume = {27},
	Year = {2010}}

@inproceedings{BuKe09a,
	Address = {Paris, France},
	Author = {Busa-Fekete, R. and K\'{e}gl, B.},
	Booktitle = {KDDCup 2009 (JMLR W\&CP)},
	Pages = {111--122},
	Title = {Accelerating {A}da{B}oost using {UCB}},
	Volume = {7},
	Year = {2009}}

@inproceedings{BKESz11,
	Author = {Busa-Fekete, R. and K\'{e}gl, B. and \'{E}ltet\H{o}, T. and Szarvas, Gy.},
	Booktitle = {(JMLR W\&CP)},
	Date-Modified = {2012-08-28 19:06:09 +0200},
	Pages = {37--48},
	Title = {Ranking by calibrated {A}da{B}oost},
	Volume = {14},
	Year = {2011}}

@inproceedings{BKESz11b,
	Author = {Busa-Fekete, R. and K\'{e}gl, B. and \'{E}ltet\H{o}, T. and Szarvas, Gy.},
	Booktitle = {European Conference on Machine Learning},
	Date-Modified = {2012-08-28 19:06:31 +0200},
	Pages = {263--279},
	Title = {A Robust Ranking Methodology Based on Diverse Calibration of {AdaBoost}},
	Volume = {LNCS, 6911},
	Year = {2011}}

@incollection{Bul03,
	Author = {B\"{u}hlmann, P.},
	Booktitle = {Recent Advances and Trends in Nonparametric Statistics},
	Editor = {Akritas, M.G. and Politis, D.N.},
	Title = {Bagging, subagging and bragging for improving some prediction algorithms},
	Year = {2003}}

@inbook{Bur98,
	Author = {Burges, C. J. C.},
	Chapter = {Geometry and invariance in kernel based methods},
	Publisher = {MIT Press},
	Title = {Advances in kernel methods -- support vector learning},
	Year = {1998}}

@inproceedings{CoLeNg11,
	Author = {Coates, A. and Lee, H. and Ng, A. Y.},
	Booktitle = {14th International Conference on Artificial Intelligence and Statistics {(AISTATS)}},
	Title = {An Analysis of Single-Layer Networks in Unsupervised Feature Learning},
	Year = {2011}}

@inproceedings{CZCCLZD10,
	Author = {Cambazoglu, B. B. and Zaragoza, H. and Chapelle, O. and Chen, J. and Liao, C. and Zheng, Z. and Degenhardt, J.},
	Booktitle = {Proceedings of the third {ACM} International Conference on Web Search and Data Mining},
	Pages = {411--420},
	Title = {Early exit optimizations for additive machine learned ranking systems},
	Year = {2010}}

@inproceedings{CQLTL07,
	Author = {Cao, Z. and Qin, T. and Liu, T. and Tsai, M. and Li, H.},
	Booktitle = {Proceedings of the 24rd International Conference on Machine Learning},
	Pages = {129--136},
	Title = {Learning to rank: from pairwise approach to listwise approach},
	Year = {2007}}

@book{CaLo00,
	Author = {Carlin, B. P. and Louis, T. A.},
	Publisher = {Chapman \& Hall / CRC},
	Title = {{B}ayes and Empirical {B}ayes Methods for Data Analysis},
	Year = {2000}}

@inproceedings{CaHi05,
	Author = {Carreira-Perpi\~nan, M. A. and Hinton, G. E.},
	Booktitle = {Proceedings of the Tenth International Workshop on Artificial Intelligence and Statistics (AISTATS)},
	Title = {On contrastive divergence learning},
	Year = {2005}}

@inproceedings{CaNi06,
	Author = {Caruana, R. and Niculescu-Mizil, A.},
	Booktitle = {Proceedings of the 23rd International Conference on Machine Learning},
	Pages = {161--168},
	Title = {An Empirical Comparison of Supervised Learning Algorithms},
	Year = {2006}}

@inproceedings{Cel98,
	Author = {Celeux, G.},
	Booktitle = {COMPSTAT~98},
	Editor = {Payne, R. and Green, P.},
	Publisher = {Physica-Verlag},
	Title = {Bayesian inference for mixtures: {T}he label-switching problem},
	Year = {1998}}

@inproceedings{CeLu09,
	Author = {Cesa-Bianchi, N. and Lugosi, G.},
	Booktitle = {Proceedings of the 22nd Annual Conference on Learning Theory},
	Title = {Combinatorial bandits},
	Year = {2009}}

@book{CeLu06,
	Address = {New York, NY, USA},
	Author = {Cesa-Bianchi, N. and Lugosi, G.},
	Isbn = {0521841089},
	Publisher = {Cambridge University Press},
	Title = {Prediction, Learning, and Games},
	Year = {2006}}

@inproceedings{CXWCK12,
	Author = {Chen, M. and Xu, Z.E. and Weinberger, K.Q. and Chapelle, O. and Kedem, D.},
	Booktitle = {Proceedings of the 15th International Conference on Artificial Intelligence and Statistics ({AISTATS})},
	Title = {Classifier Cascade for Minimizing Feature Evaluation Cost},
	Year = {2012}}

@inproceedings{ChGh05,
	Author = {Chu, W. and Ghahramani, Z.},
	Booktitle = {Proceedings of the 22nd International Conference on Machine Learning},
	Pages = {137--144},
	Title = {Preference learning with {G}aussian processes},
	Year = {2005}}

@inproceedings{ChKe05,
	Author = {Chu, W. and Keerthi, S.S.},
	Booktitle = {Proceedings of the 22nd International Conference on Machine Learning},
	Pages = {145--152},
	Title = {New approaches to support vector ordinal regression},
	Year = {2005}}

@inproceedings{ChLu01,
	Author = {Chang, Y.-C. and Lu, C.-J.},
	Booktitle = {Proceedings of Asiacrypt'01},
	Pages = {369--384},
	Title = {Oblivious polynomial evaluation and oblivious neural learning},
	Year = {2001}}

@article{Cha81,
	Author = {Chaum, D.},
	Journal = {Communications of the ACM},
	Number = {2},
	Pages = {84--88},
	Title = {Untracable electronic mail, return address and digital pseudonyms},
	Volume = {24},
	Year = {1981}}

@inproceedings{ChCrDa88,
	Author = {Chaum, D. and Cr\'{e}peau, C. and Damg{\aa}rd, I.},
	Booktitle = {Proceedings of the 20th ACM Annual Symposium on the Theory of Computing},
	Pages = {11--19},
	Title = {Multiparty unconditionally secure protocols},
	Year = {1988}}

@inproceedings{ChDaGr87,
	Author = {Chaum, D. and Damg{\aa}rd, I. and {van~de~Graaf}, J.},
	Booktitle = {Proceedings of Crypto'87},
	Pages = {87--119},
	Title = {Multiparty computations ensuring privacy of each party's input and correctness of the result},
	Year = {1987}}

@inproceedings{ChMo00,
	Author = {Chang, L. and Moskowitz, I .L.},
	Booktitle = {Proceedings of Data and Applications Security},
	Pages = {161--172},
	Title = {An integrated framework for database inference and privacy protection},
	Year = {2000}}

@inproceedings{CDMSW05,
	Author = {Chawla, S. and Dwork, C. and McSherry, F. and Smith, A. and Wee, H.},
	Booktitle = {Proceedings of the 2nd Theory of Cryptography Conference},
	Pages = {363--385},
	Title = {Towards Privacy in Public Databases},
	Year = {2005}}

@inproceedings{ChChLi11,
	Address = {Haifa, Israel},
	Author = {Chapelle, O. and Chang, Y. and Liu, T.Y.},
	Booktitle = {Yahoo! {L}earning-to-{R}ank {C}hallenge (JMLR W\&CP)},
	Pages = {91--100},
	Title = {Future directions in learning to rank},
	Volume = {14},
	Year = {2011}}

@proceedings{ChChLi11a,
	Editor = {Chapelle, O. and Chang, Y. and Liu, T.Y.},
	Series = {JMLR W\&CP},
	Title = {Yahoo! {L}earning-to-{R}ank {C}hallenge},
	Volume = {14},
	Year = {2011}}

@inproceedings{ChCh10,
	Author = {Chapelle, Olivier and Chang, Yi},
	Booktitle = {Yahoo! {L}earning-to-{R}ank {C}hallenge (JMLR W\&CP)},
	Pages = {1--24},
	Title = {Yahoo! {L}earning-to-{R}ank {C}hallenge Overview},
	Volume = {14},
	Year = {2011}}

@inproceedings{CMZG09,
	Address = {New York, NY, USA},
	Author = {Chapelle, Olivier and Metlzer, Donald and Zhang, Ya and Grinspan, Pierre},
	Booktitle = {Proceeding of the 18th ACM conference on Information and knowledge management},
	Pages = {621--630},
	Publisher = {ACM},
	Title = {Expected reciprocal rank for graded relevance},
	Year = {2009}}

@article{ChWu10,
	Address = {Hingham, MA, USA},
	Author = {Chapelle, Olivier and Wu, Mingrui},
	Issn = {1386-4564},
	Journal = {Information Retrievel},
	Number = {3},
	Pages = {216--235},
	Publisher = {Kluwer Academic Publishers},
	Title = {Gradient descent optimization of smoothed information retrieval metrics},
	Volume = {13},
	Year = {2010}}

@article{ChKeOn03,
	Author = {Chu, W. and Keerthi, S. S. and Ong, C. J.},
	Journal = {IEEE Transactions of Neural Networks},
	Title = {Bayesian support vector regression using a unified loss function},
	Year = {2003 (submitted)}}

@inproceedings{Chu06,
	Author = {Chu, C.-T. and Kim, S.K. and Lin, Y.-A. and Yu, Y. and Bradski, G. and Ng, A. and Olukotun, K.},
	Booktitle = {Advances in Neural Information Processing Systems},
	Publisher = {The MIT Press},
	Title = {Map-Reduce for Machine Learning on Multicore},
	Volume = {19},
	Year = {2006}}

@article{ClVa09,
	Address = {Piscataway, NJ, USA},
	Author = {Cl\'{e}men\c{c}on, S. and Vayatis, N.},
	Journal = {IEEE Trans. Inf. Theor.},
	Number = {9},
	Pages = {4316--4336},
	Publisher = {IEEE Press},
	Title = {Tree-based ranking methods},
	Volume = {55},
	Year = {2009}}

@article{CKVLZ02,
	Author = {Clifton, C. and Kantarciogl\v{u}, M. and Vaidya, J. and Lin, X. and Zhiu, M. Y.},
	Journal = {SIGKDD Explorations},
	Number = {2},
	Pages = {28--34},
	Title = {Tools for privacy preserving distributed data mining},
	Volume = {4},
	Year = {2002}}

@inbook{ClKaVa04,
	Author = {Clifton, C. and Kantarciogl\v{u}, M. and Vaidya, J.},
	Chapter = {Defining Privacy for Data Mining},
	Publisher = {AAAI Conference on Artificial Intelligence},
	Title = {Data Mining: Next Generation Challenges and Future Directions},
	Year = {2004}}

@inproceedings{Coh96,
	Author = {Cohen, W.},
	Booktitle = {Proceedings of the AAAI Conference on Artificial Intelligence},
	Pages = {709--716},
	Title = {Learning trees and rules with set-valued features},
	Year = {1996}}

@inproceedings{CoSi99,
	Author = {Cohen, W. and Singer, Y.},
	Booktitle = {Proceedings of the AAAI Conference on Artificial Intelligence},
	Pages = {335--342},
	Title = {A simple, fast, and effective rule learner},
	Year = {1999}}

@article{CoScSi02,
	Author = {Collins, M. and Schapire, R.E. and Singer, Y.},
	Journal = {Machine Learning},
	Pages = {253--285},
	Title = {Logistic Regression, {A}da{B}oost and {B}regman Distances},
	Volume = {48},
	Year = {2002}}

@article{CWBKKK11,
	Author = {Collobert, R. and Weston, J. and Bottou, L. and Karlen, M. and Kavukcuoglu, K. and Kuksa, P.},
	Date-Modified = {2012-10-19 22:10:19 +0200},
	Journal = {Journal of Machine Learning Research},
	Pages = {2493--2537},
	Title = {Natural Language Processing (Almost) from Scratch},
	Volume = {12},
	Year = {2011}}

@book{CoLeRi94,
	Author = {Cormen, T. and Leiserson, C. and Rivest, R.},
	Publisher = {Dunod},
	Title = {Introduction \'a l'algorithmique},
	Year = {1994}}

@inproceedings{CoMo06,
	Author = {Cortes, C. and Mohri, M.},
	Booktitle = {Advances in Neural Information Processing Systems},
	Publisher = {The MIT Press},
	Title = {Confidence intervals for the area under the {ROC} curve},
	Volume = {18},
	Year = {2005}}

@article{CoVa95,
	Author = {Cortes, C. and Vapnik, V.},
	Journal = {Machine Learning},
	Number = {3},
	Pages = {273--297},
	Title = {Support-Vector Networks},
	Volume = {20},
	Year = {1995}}

@inproceedings{CoMu07a,
	Author = {Coquelin, P-A. and Munos, R.},
	Booktitle = {Proceedings of Uncertainty in Artificial Intelligence},
	Title = {Bandit Algorithms for Tree Search},
	Url1 = {PDFs/CoMu07a.pdf},
	Volume = {23},
	Year = {2007}}

@techreport{CoMu07b,
	Author = {Coquelin, P-A. and Munos, R.},
	Institution = {INRIA},
	Title = {Bandit Algorithms for Tree Search},
	Url1 = {PDFs/CoMu07b.pdf},
	Year = {2007}}

@article{CoZh08,
	Author = {Cossock, D. and Zhang, T.},
	Journal = {IEEE Transactions on Information Theory},
	Number = {11},
	Pages = {5140--5154},
	Title = {Statistical Analysis of {B}ayes Optimal Subset Ranking},
	Volume = {54},
	Year = {2008}}

@article{CrSi01,
	Author = {Crammer, K. and Singer, Y.},
	Journal = {Journal of Machine Learning Research},
	Pages = {265--292},
	Title = {On the Algorithmic Implementation of Multiclass Kernel-based Vector Machines},
	Volume = {2},
	Year = {2001}}

@book{CrSh04,
	Author = {Cristianini, N. and Shawe-Taylor, J.},
	Publisher = {Cambridge University Press},
	Title = {Kernel methods for pattern recognition},
	Year = {2004}}

@article{CsAgPo05,
	Author = {Csermely, P. and \'{A}goston, V. and Pongor, S.},
	Journal = {Trends in Pharmacological Sciences},
	Pages = {178--182},
	Title = {The efficiency of multi-target drugs: the network approach might help drug design},
	Volume = {26},
	Year = {2005}}

@article{ChJaKo04,
	Author = {Chawla, N.V. and Japkowicz, N. and Kotcz, A.},
	Journal = {ACM SIGKDD Explorations Newsletter},
	Number = {1},
	Pages = {1--6},
	Publisher = {ACM},
	Title = {Editorial: special issue on learning from imbalanced data sets},
	Volume = {6},
	Year = {2004}}

@article{DZero09,
	Author = {{Aaltonen, T. et. al}},
	Collaboration = {CDF Collaboration},
	Date-Modified = {2013-01-09 23:39:51 +0100},
	Doi = {10.1103/PhysRevLett.103.092002},
	Issue = {9},
	Journal = {Phys. Rev. Lett.},
	Month = {Aug},
	Numpages = {8},
	Pages = {092002},
	Publisher = {American Physical Society},
	Title = {Observation of Electroweak Single Top-Quark Production},
	Url = {http://arxiv.org/abs/0903.0885},
	Volume = {103},
	Year = {2009},
	Bdsk-Url-1 = {http://link.aps.org/doi/10.1103/PhysRevLett.103.092002},
	Bdsk-Url-2 = {http://dx.doi.org/10.1103/PhysRevLett.103.092002}}

@article{DaBaSc10,
	Author = {Davenport, M.A. and Baraniuk, R.G. and Scott, C.D.},
	Doi = {http://doi.ieeecomputersociety.org/10.1109/TPAMI.2010.29},
	Journal = {IEEE Transactions on Pattern Analysis and Machine Intelligence},
	Title = {Tuning Support Vector Machines for Minimax and {N}eyman-{P}earson Classification},
	Volume = {99},
	Year = {2010},
	Bdsk-Url-1 = {http://doi.ieeecomputersociety.org/10.1109/TPAMI.2010.29}}

@article{DaMaAv97,
	Author = {Davis, G. and Mallat, S. and Avellaneda, M.},
	Journal = {Constructive Approximation},
	Number = {1},
	Pages = {57--98},
	Title = {Adaptive greedy approximations},
	Volume = {13},
	Year = {1997}}

@article{DeLaRu77,
	Author = {Dempster, A. and Laird, N. and Rubin, D.},
	Journal = {Journal of the Royal Statistical Society},
	Number = {1},
	Pages = {1--38},
	Title = {Maximum likelihood from incomplete data via the {EM} algorithm},
	Volume = {Series B, 39},
	Year = {1977}}

@article{Dem06,
	Author = {Dem\v{s}ar, J.},
	Journal = {Journal of Machine Learning Research},
	Pages = {1--30},
	Title = {Statistical Comparisons of Classifiers over Multiple Data Sets},
	Volume = {7},
	Year = {2006}}

@book{DeKi82,
	Address = {Englewood Cliffs, New Jersey},
	Author = {Devijver, P. A. and Kittler, J.},
	Publisher = {Prentice Hall},
	Title = {Pattern Recognition: a Statistical Approach},
	Year = {1982}}

@book{Dev87,
	Address = {Boston},
	Author = {Devroye, L.},
	Publisher = {Birkh\"auser},
	Title = {A Course in Density Estimation},
	Year = {1987}}

@book{DeGy85,
	Address = {New York},
	Author = {Devroye, L. and Gy\"orfi, L.},
	Publisher = {Wiley},
	Title = {Nonparametric Density Estimation: The $L_1$ View},
	Year = {1985}}

@article{Dev82,
	Author = {Devroye, L.},
	Journal = {Journal of Multivariate Analysis},
	Pages = {72--79},
	Title = {Bounds for the uniform deviation of empirical measures},
	Volume = {12},
	Year = {1982}}

@book{DeGyLu96,
	Address = {New York},
	Author = {Devroye, L. and Gy\"{o}rfi, L. and Lugosi, G.},
	Publisher = {Springer},
	Title = {A Probabilistic Theory of Pattern Recognition},
	Year = {1996}}

@article{Die98,
	Abstract = {Comparison of hypothesis tests.},
	Author = {Dietterich, T. G.},
	Journal = {Neural Computation},
	Number = {7},
	Pages = {1895--1923},
	Title = {Approximate statistical tests for comparing supervised classification learning algorithms},
	Url1 = {PDFs/Die98.pdf},
	Volume = {10},
	Year = {1998}}

@inproceedings{DiHoSh11,
	Author = {Diaconis, P. and Holmes, S. and Shahashahani, M},
	Booktitle = {Festschrift for Joe Eaton},
	Title = {Sampling from a Manifold},
	Year = {2011}}

@inproceedings{DiNi03,
	Author = {Dinur, I. and Nissim, K.},
	Booktitle = {Proceedings of the 22nd ACM SIGACT-SIGMOD-SIGART Symposium on Principles of Databases Systems},
	Pages = {202--210},
	Title = {Revealing information while preserving privacy},
	Year = {2003}}

@inproceedings{DoJoWi10,
	Author = {Doerr, B. and Johannsen, D. and Winzen, C.},
	Booktitle = {Proceedings of IEEE Congress on Evolutionary Computation (CEC 2010)},
	Pages = {1967--1974},
	Title = {Drift analysis and linear functions revisited},
	Year = {2010}}

@book{DoFrGo01,
	Author = {Doucet, A. and de Freitas, N. and Gordon, N.},
	Publisher = {Springer},
	Title = {Sequential {M}onte {C}arlo in practice},
	Year = {2001}}

@inproceedings{Dru97,
	Author = {Drucker, H.},
	Booktitle = {Proceedings of the 14th International Conference on Machine Learning},
	Pages = {107--115},
	Title = {Improving regressors using boosting techniques},
	Year = {1997}}

@article{DuFu10,
	Author = {Duan, J.C. and Fulop, A.},
	Journal = {Statistics and Computing},
	Pages = {83--91},
	Title = {A Stable Estimator for the Information Matrix under {EM}},
	Volume = {21},
	Year = {2010}}

@inproceedings{DuHe99,
	Author = {Duffy, N. and Helmbold, D. P.},
	Booktitle = {EuroCOLT},
	Pages = {18--33},
	Title = {A geometric approach to leveraging weak learners},
	Year = {1999}}

@inproceedings{DuHe00,
	Author = {Duffy, N. and Helmbold, D. P.},
	Booktitle = {Proceedings of the 13th Conference on Computational Learning Theory},
	Pages = {208--219},
	Title = {Leveraging for Regression},
	Year = {2000}}

@inproceedings{DuDePrGa11,
	Author = {Dulac-Arnold, G. and Denoyer, L. and Preux, P. and Gallinari, P.},
	Booktitle = {European Conference on Machine Learning},
	Title = {Datum-Wise Classification: A Sequential Approach to Sparsity},
	Year = {2011}}

@article{DuDePrGa12,
	Author = {Dulac-Arnold, G. and Denoyer, L. and Preux, P. and Gallinari, P.},
	Journal = {Machine Learning},
	Pages = {1--36},
	Publisher = {Springer},
	Title = {Sequential approaches for learning datum-wise sparse representations},
	Year = {2012}}

@proceedings{KDDCup09,
	Editor = {Dror, G. and Boull\'e, M. and Guyon, I. and Lemaire, V. and Vogel, D.},
	Series = {JMLR Workshop and Conference Proceedings},
	Title = {Proceedings of {KDD-Cup} 2009 competition},
	Volume = {7},
	Year = {2009}}

@inproceedings{DwKuNaSi01,
	Address = {New York, NY, USA},
	Author = {Dwork, C. and Kumar, R. and Naor, M. and Sivakumar, D.},
	Booktitle = {{WWW'01}: Proceedings of the 10th International Conference on World Wide Web},
	Isbn = {1-58113-348-0},
	Location = {Hong Kong, China},
	Pages = {613--622},
	Publisher = {ACM},
	Title = {Rank aggregation methods for the Web},
	Year = {2001}}

@book{EfTi94,
	Author = {Efron, B. and Tibshirani, R.J.},
	Publisher = {Taylor \& Francis},
	Title = {An Introduction to the Bootstrap},
	Url = {http://books.google.fr/books?id=gLlpIUxRntoC},
	Year = {1994},
	Bdsk-Url-1 = {http://books.google.fr/books?id=gLlpIUxRntoC}}

@inproceedings{EiDa11,
	Address = {Sierra Nevada, Spain},
	Author = {Eisner, J. and {Daum\'{e} III}, H.},
	Booktitle = {COST: NIPS Workshop on Computational Trade-offs in Statistical Learning},
	Month = {December},
	Note = {5 pages},
	Title = {Learning Speed-Accuracy Tradeoffs in Nondeterministic Inference Algorithms},
	Url = {http://cs.jhu.edu/~jason/papers/#nipsw11-ldp},
	Year = {2011},
	Bdsk-Url-1 = {http://cs.jhu.edu/~jason/papers/#nipsw11-ldp}}

@article{EjFiGo04,
	Author = {Ejov, V. and Filar, J. and Gondzio, J.},
	Journal = {Journal of Global Optimization},
	Number = {3},
	Pages = {315--334},
	Publisher = {Springer},
	Title = {An interior point heuristic for the {H}amiltonian cycle problem via {M}arkov {D}ecision Processes},
	Volume = {29},
	Year = {2004}}

@article{EBCMVB10,
	Author = {Erhan, D. and Bengio, Y. and Courville, A. and Manzagol, P. and Vincent, P. and Bengio, S.},
	Journal = {Journal of Machine Learning Research},
	Pages = {625--660},
	Title = {Why Does Unsupervised Pre-training Help Deep Learning?},
	Volume = {11},
	Year = {2010}}

@article{ErGeWe05,
	Author = {Ernst, D. and Geurts, P. and Wehenkel, L.},
	Journal = {Journal of Machine Learning Research},
	Publisher = {Microtome Publishing},
	Title = {Tree-based batch mode reinforcement learning},
	Volume = {6},
	Year = {2005}}

@article{ErRu11,
	Author = {Ertekin, S. and Rudin, C.},
	Journal = {Journal of Machine Learning Research},
	Pages = {2905--2929},
	Title = {On Equivalence Relationships Between Classification and Ranking Algorithms},
	Volume = {12},
	Year = {2011}}

@inproceedings{EsMaRi00,
	Author = {Escudero, G. and M{\`{a}}rquez, L. and Rigau, G.},
	Booktitle = {Proceedings of the 11th European Conference on Machine Learning},
	Pages = {129--141},
	Title = {Boosting applied to word sense disambiguation},
	Year = {2000}}

@article{Ev02,
	Author = {Evfimievski, A.},
	Journal = {SIGKDD Explorations},
	Number = {2},
	Pages = {43--48},
	Title = {Randomization in privacy preserving data mining},
	Volume = {4},
	Year = {2002}}

@inproceedings{EvGeSr03,
	Author = {Evfimievski, A. and Gehrke, J. E. and Srikant, R.},
	Booktitle = {Proceedings of the 22nd ACM SIGACT-SIGMOD-SIGART Symposium on Principles of Databases Systems},
	Pages = {211--222},
	Title = {Limiting privacy breaches in privacy preserving data mining},
	Year = {2003}}

@inproceedings{FaStZh99,
	Author = {Fan, W. and Stolfo, S. J. and Zhang, J.},
	Booktitle = {Proceedings of the 5th ACM SIGKDD International Conference on Knowledge Discovery and Data Mining},
	Pages = {362--366},
	Title = {The application of {A}da{B}oost for distributed, scalable and on-line learning},
	Year = {1999}}

@article{FePr12,
	Author = {Fearnhead, P. and Prangle, D.},
	Journal = {Journal of the Royal Statistical Society B},
	Title = {Constructing summary statistics for approximate {B}ayesian computation: semi-automatic {ABC}},
	Year = {2012}}

@inproceedings{FIMNSW01,
	Author = {Feigenbaum, J. and Ishai, Y. and Malkin, T. and Nissim, K. and Strauss, M. and Wright, R.},
	Booktitle = {Proceedings of the 28th International Colloquium on Automata, Languages and Programming},
	Pages = {927--938},
	Title = {Secure multiparty computation of approximations},
	Year = {2001}}

@inproceedings{FiMc04,
	Author = {Fienberg, S. E. and Mc{I}ntyre, J.},
	Booktitle = {Proceedings of Privacy in Statistical Databases},
	Pages = {14--29},
	Title = {Data swapping: variations on a theme by {D}alenius and {R}eiss},
	Year = {2004}}

@techreport{FoMoPr10,
	Author = {Fort, G. and Moulines, E. and Priouret, P.},
	Institution = {Telecom ParisTech},
	Title = {Convergence of adaptive {MCMC} algorithms: ergodicity and law of large numbers},
	Year = {2010}}

@article{FoMoPr12,
	Author = {Fort, G. and Moulines, E. and Priouret, P.},
	Journal = {Annals of Statistics},
	Number = {6},
	Pages = {3262--3289},
	Title = {Convergence of adaptive and interacting {M}arkov chain {M}onte {C}arlo algorithms},
	Volume = {39},
	Year = {2012}}

@inproceedings{FrNiPi04,
	Author = {Freedman, M. and Nissim, K. and Pinkas, B.},
	Booktitle = {Proceedings of Eurocrypt'04},
	Pages = {1--19},
	Title = {Efficient private matching and set intersection},
	Year = {2004}}

@article{Fre95,
	Author = {Freund, Y.},
	Journal = {Information and Computation},
	Number = {2},
	Pages = {256--285},
	Title = {Boosting a weak learning algorithm by majority},
	Volume = {121},
	Year = {1995}}

@techreport{Fre09,
	Author = {Freund, Y.},
	Institution = {Arxiv/0905.2138},
	Title = {A more robust boosting algorithm},
	Year = {2009}}

@inproceedings{FrMa99,
	Author = {Freund, Y. and Mason, L.},
	Booktitle = {Proceedings of the 16th International Conference on Machine Learning},
	Pages = {124--133},
	Title = {The alternating decision tree learning algorithm},
	Year = {1999}}

@article{FISS03,
	Author = {Freund, Y. and Iyer, R. and Schapire, R. E. and Singer, Y.},
	Journal = {Journal of Machine Learning Research},
	Pages = {933--969},
	Title = {An Efficient Boosting Algorithm for Combining Preferences},
	Volume = {4},
	Year = {2003}}

@article{FrSc97,
	Author = {Freund, Y. and Schapire, R. E.},
	Journal = {Journal of Computer and System Sciences},
	Pages = {119--139},
	Title = {A decision-theoretic generalization of on-line learning and an application to boosting},
	Volume = {55},
	Year = {1997}}

@techreport{Fri99,
	Author = {Friedman, J.},
	Institution = {Dept. of Statistics, Stanford University},
	Title = {Greedy Function Approximation: a Gradient Boosting Machine},
	Year = {1999}}

@article{Fri02,
	Author = {Friedman, J.},
	Journal = {Computational Statistics and Data Analysis},
	Number = {4},
	Pages = {367--378},
	Title = {Stochastic gradient boosting},
	Volume = {38},
	Year = {2002}}

@techreport{FrHaTi98,
	Author = {Friedman, J. and Hastie, T. and Tibshirani, R.},
	Institution = {Dept. of Statistics, Stanford University},
	Title = {Additive logistic regression: a statistical view of boosting},
	Year = {1998}}

@inproceedings{FuSa01,
	Author = {Furukawa, J. and Sako, K.},
	Booktitle = {Proceedings of Crypto 2001},
	Pages = {368--387},
	Title = {An efficient scheme for proving a shuffle},
	Year = {2001}}

@article{GaKeAi05,
	Author = {Gambs, S. and K\'egl, B. and A\"{\i}meur, E.},
	Journal = {Data Mining and Knowledge Discovery},
	Number = {1},
	Pages = {131--170},
	Title = {Privacy-Preserving Boosting},
	Volume = {14},
	Year = {2007}}

@article{GaPaSpBo11,
	Author = {Gasso, G. and Pappaioannou, A. and Spivak, M. and Bottou, L.},
	Journal = {ACM Transactions on Intelligent Systems and Technology (TIST)},
	Number = {3},
	Pages = {28},
	Publisher = {ACM},
	Title = {Batch and online learning algorithms for nonconvex neyman-pearson classification},
	Volume = {2},
	Year = {2011}}

@inproceedings{GeSi08,
	Author = {Gelly, S. and Silver, D.},
	Booktitle = {Proceedings of the AAAI Conference on Artificial Intelligence},
	Pages = {1537-1540},
	Title = {Achieving Master Level Play in {9 x 9} Computer Go},
	Year = {2008}}

@article{GJPS08,
	Author = {Gelman, A. and Jakulin, A and Pittau, M.G. and Su, Y-S.},
	Journal = {Annals of applied Statistics)},
	Title = {A weakly informative default prior distribution for logistic and other regression models},
	Year = {2008}}

@techreport{Gli11,
	Author = {Gligorov, V.},
	Institution = {CERN},
	Number = {LHCb-PUB-2011-003},
	Title = {A single track {HLT1} trigger},
	Year = {2011}}

@article{GiCa11,
	Author = {Girolami, M. and Calderhead, B.},
	Journal = {J. R. Statist. Soc. B. (with discussion)},
	Pages = {1--37},
	Title = {Riemann manifold {L}angevin and {H}amiltonian {M}onte {C}arlo methods},
	Volume = {73:2},
	Year = {2011}}

@book{GiRiSp96,
	Editor = {Gilks, W.R. and Richardson, S. and Spiegelhalter, D.},
	Publisher = {Chapman \& Hall},
	Title = {{M}arkov Chain {M}onte {C}arlo in Practice},
	Year = {1996}}

@book{Gol04,
	Author = {Goldreich, O.},
	Publisher = {Cambridge University Press},
	Title = {Foundations of Cryptography, Volume II: Basic Applications},
	Year = {2004}}

@article{Gor99,
	Author = {Gordon, G.J.},
	Journal = {Robotics Institute},
	Pages = {228},
	Title = {Approximate solutions to {M}arkov decision processes},
	Year = {1999}}

@inproceedings{Gor00,
	Author = {Gordon, G. J.},
	Booktitle = {Advances in Neural Information Processing Systems},
	Pages = {1040--1046},
	Title = {Reinforcement Learning with Function Approximation Converges to a Region},
	Volume = {12},
	Year = {2000}}

@inproceedings{GCBDV04,
	Author = {Graf, H.P. and Cosatto, E. and Bottou, L. and Dourdanovic, I. and Vapnik, V.},
	Booktitle = {Advances in Neural Information Processing Systems},
	Pages = {521--528},
	Publisher = {The MIT Press},
	Title = {Parallel support vector machines: The cascade {SVM}},
	Volume = {17},
	Year = {2004}}

@book{GrLu00,
	Author = {Graf, S. and Luschgy, H.},
	Publisher = {Springer-Verlag},
	Title = {Foundations of Quantization for Probability Distributions},
	Year = {2000}}

@article{Gre95,
	Author = {Green, P. J.},
	Journal = {Biometrika},
	Number = {4},
	Pages = {711-732},
	Title = {Reversible jump {M}arkov chain {M}onte {C}arlo computation and {B}ayesian model determination},
	Volume = {82},
	Year = {1995}}

@book{GrAn01,
	Author = {Grewal, M.S. and Andrews, A.P.},
	Publisher = {Wiley Interscience},
	Title = {{K}alman filtering: theory and practice using {MATLAB}},
	Year = {2001}}

@inproceedings{GrSc98,
	Author = {Grove, A.J. and Schuurmans, D.},
	Booktitle = {Proceedings of the 15th National Conference on Artificial Intelligence},
	Pages = {692--699},
	Title = {Boosting in the limit: maximizing the margin of learned ensembles},
	Year = {1998}}

@book{Gru07,
	Author = {Gruenwald, P.D.},
	Publisher = {The MIT Press},
	Title = {{T}he {M}inimum {D}escription {L}ength {P}rinciple},
	Year = {2007}}

@inproceedings{GoMiWi87,
	Author = {Goldreich, O. and Micali, S. and Wigderson, A.},
	Booktitle = {Proceedings of the 19th ACM Symposium on Theory of Computing},
	Pages = {218--229},
	Title = {How to play any mental game -- a completeness theorem for protocols with honest majority},
	Year = {1987}}

@inproceedings{GrBa12,
	Author = {Grubb, A. and Bagnell, J.A.},
	Booktitle = {AISTATS},
	Pages = {458--466},
	Title = {Speedboost: Anytime prediction with uniform near-optimality},
	Volume = {15},
	Year = {2012}}

@article{HaSaTa01,
	Author = {Haario, H. and Saksman, E. and Tamminen, J.},
	Journal = {Bernoulli},
	Pages = {223--242},
	Title = {An adaptive {M}etropolis algorithm},
	Volume = {7},
	Year = {2001}}

@book{HaHe80,
	Author = {Hall, P. and Heyde, C. C.},
	Publisher = {Academic Press, New York},
	Title = {Martingale limit theory and its application},
	Year = {1980}}

@article{HaChSu08,
	Author = {Han, M. and Chen, D. and Sun, Z.},
	Journal = {Analysis in Theory and Applications},
	Number = {1},
	Pages = {18--28},
	Publisher = {Springer},
	Title = {Analysis to Neyman-Pearson classification with convex loss function},
	Volume = {24},
	Year = {2008}}

@incollection{Han06,
	Author = {Hansen, N.},
	Booktitle = {Towards a new evolutionary computation. Advances on estimation of distribution algorithms},
	Editor = {Lozano, J.A. and Larranaga, P. and Inza, I. and Bengoetxea, E.},
	Pages = {75--102},
	Publisher = {Springer},
	Title = {The {CMA} evolution strategy: a comparing review},
	Year = {2006}}

@article{HaLa96,
	Author = {Hansen, L. K. and Larsen, J.},
	Journal = {Advances in Computational Mathematics},
	Pages = {269--280},
	Title = {Linear unlearning for cross-validation},
	Volume = {5},
	Year = {1996}}

@inproceedings{SaHa12,
	Author = {S\"arkk\"a, S. and Hartikainen, J.},
	Booktitle = {Proceedings of the 15th International Conference on Artificial Intelligence and Statistics ({AISTATS})},
	Title = {Infinite-dimensional {K}alman Filtering approach to spatio-temporal {G}aussian process regression},
	Year = {2012}}

@article{Has70,
	Author = {Hastings, W.K.},
	Journal = {Biometrika},
	Number = {1},
	Pages = {97--109},
	Title = {{M}onte {C}arlo Sampling Methods Using {M}arkov Chains and Their Applications},
	Volume = {57},
	Year = {1970}}

@article{Hau92,
	Author = {Haussler, D.},
	Journal = {Information and Computation},
	Pages = {78--150},
	Title = {Decision theoretic generalizations of the {PAC} model for neural net and other learning applications},
	Volume = {100},
	Year = {1992}}

@article{Hau95,
	Author = {D., Haussler},
	Journal = {Journal of Combinatorial Theory Series A},
	Pages = {217--232},
	Title = {Sphere packing numbers for subsets of the Boolean $n$-cube with bounded {V}apnik-{C}hervonenkis dimension},
	Volume = {69},
	Year = {1995}}

@inproceedings{HaKa11,
	Author = {Hazan, E. and Kale, S.},
	Booktitle = {Advances in Neural Information Processing Systems},
	Publisher = {The MIT Press},
	Title = {{NEWTRON}: an Efficient Bandit algorithm for Online Multiclass Prediction},
	Volume = {25},
	Year = {2011}}

@inproceedings{HeDaEi12,
	Author = {He, He and {Daum\'{e} III}, H. and Eisner, J.},
	Booktitle = {ICML Workshop on Inferning: Interactions between Inference and Learning},
	Month = {June},
	Note = {6 pages},
	Title = {Cost-Sensitive Dynamic Feature Selection},
	Url = {http://cs.jhu.edu/~jason/papers/#icmlw12-dynfeat},
	Year = {2012},
	Bdsk-Url-1 = {http://cs.jhu.edu/~jason/papers/#icmlw12-dynfeat}}

@article{HeSc12,
	Author = {Hennig, P. and Schuler, C. J.},
	Journal = {Journal of Machine Learning Research},
	Title = {Entropy Search for Information-Efficient Global Optimization},
	Year = {2012}}

@inproceedings{HeIg09,
	Author = {Heidrich-Meisner, V. and Igel, C.},
	Booktitle = {Proceedings of the 26th annual {I}nternational {C}onference on {M}achine {L}earning},
	Organization = {ACM},
	Pages = {401--408},
	Title = {{H}oeffding and {B}ernstein races for selecting policies in evolutionary direct policy search},
	Year = {2009}}

@inproceedings{HeGrOb00,
	Author = {Herbrich, R. and Graepel, T. and Obermayer, K.},
	Booktitle = {Advances in Large Margin Classifiers},
	Editor = {Smola and Bartlett and Schoelkopf and Schuurmans},
	Pages = {115-132},
	Publisher = {{MIT} Press, Cambridge, MA},
	Title = {Large margin rank boundaries for ordinal regression},
	Year = {2000}}

@inproceedings{HeWi02,
	Author = {Herbrich, R. and Williamson, R. C.},
	Booktitle = {Advances in Neural Information Processing Systems},
	Publisher = {The MIT Press},
	Title = {Algorithmic Luckiness},
	Volume = {14},
	Year = {2002}}

@article{HiSa06,
	Author = {Hinton, G. E. and Salakhutdinov, R.},
	Journal = {Science},
	Number = {5785},
	Pages = {504--507},
	Title = {Reducing the dimensionality of data with neural networks},
	Volume = {313},
	Year = {2006}}

@techreport{HoBo08,
	Author = {Hornus, S. and Boissonnat, J.},
	Institution = {INRIA},
	Number = {RR-6743},
	Title = {An efficient implementation of Delaunay triangulations in medium dimensions},
	Year = {2008}}

@article{Hoe63,
	Author = {Hoeffding, W.},
	Journal = {Journal of the American Statistical Association},
	Pages = {13--30},
	Title = {Probability inequalities for sums of bounded random variables},
	Volume = {58},
	Year = {1963}}

@inproceedings{HoLiTa06,
	Author = {Hou, X. and Liu, C.L. and Tan, T.},
	Booktitle = {Computer Vision and Pattern Recognition, 2006 IEEE Computer Society Conference on},
	Organization = {IEEE},
	Pages = {330--338},
	Title = {Learning boosted asymmetric classifiers for object detection},
	Volume = {1},
	Year = {2006}}

@inproceedings{HALL05,
	Author = {Huang, C. and Ai, H. and Li, Y. and Lao, S.},
	Booktitle = {Computer Vision, 2005. ICCV 2005. Tenth IEEE International Conference on},
	Organization = {IEEE},
	Pages = {446--453},
	Title = {Vector boosting for rotation invariant multi-view face detection},
	Volume = {1},
	Year = {2005}}

@inproceedings{HALL06,
	Author = {Huang, C. and Ai, H. and Li, Y. and Lao, S.},
	Booktitle = {Automatic Face and Gesture Recognition, 2006. FGR 2006. 7th International Conference on},
	Organization = {IEEE},
	Pages = {401--406},
	Title = {Learning sparse features in granular space for multi-view face detection},
	Year = {2006}}

@phdthesis{Hut09,
	Author = {Hutter, F.},
	School = {University of British Columbia},
	Title = {Automated Configuration of Algorithms for Solving Hard Computational Problems},
	Year = {2009}}

@article{HuHoLeSt09,
	Author = {Hutter, F. and Hoos, H. H. and Leyton-Brown, K. and St{\"u}tzle, T.},
	Journal = {Journal of Artificial Intelligence Research},
	Month = {October},
	Pages = {267--306},
	Title = {{ParamILS:} An Automatic Algorithm Configuration Framework},
	Volume = {36},
	Year = {2009}}

@techreport{ThHuHoLe12,
	Author = {Thornton, C. and Hutter, F. and Hoos, H. H. and Leyton-Brown, K.},
	Date-Modified = {2012-12-15 01:11:19 +0100},
	Institution = {\url{http://arxiv.org/abs/1208.3719}},
	Title = {Auto-{WEKA}: Automated Selection and Hyper-Parameter Optimization of Classification Algorithms},
	Urldate = {http://arxiv.org/abs/1208.3719},
	Year = {2012}}

@inproceedings{IBM09,
	Author = {{IBM Research}},
	Booktitle = {this volume},
	Pages = {0--0},
	Title = {Winning the {KDD Cup} {O}range {C}hallenge with Ensemble Selection},
	Year = {2009}}

@misc{ILC07,
	Note = {{\tt http://www.linearcollider.org/cms/?pid=1000437}},
	Title = {International {L}inear {C}ollider Reference Design Report},
	Year = {2007}}

@inproceedings{Iye02,
	Author = {Iyengar, V.},
	Booktitle = {Proceedings of the 8th ACM SIGKDD International Conference on Knowledge Discovery and Data Mining},
	Pages = {279--288},
	Title = {Transforming data to satisfy privacy constraints},
	Year = {2002}}

@article{JaKe02,
	Author = {J\"{a}rvelin, K. and Kek\"{a}l\"{a}inen, J.},
	Issue = {4},
	Journal = {ACM Transactions on Information Systems},
	Pages = {422--446},
	Title = {Cumulated gain-based evaluation of {IR} techniques},
	Volume = {20},
	Year = {2002}}

@phdthesis{Jas05,
	Author = {Jasra, A.},
	School = {Imperial College London},
	Title = {Bayesian inference for mixture models via Monte Carlo.},
	Year = {2005}}

@article{JaJoNoHi91,
	Author = {Jacobs, R. A. and Jordan, M. I. and Nowlan, S. J. and Hinton, G. E.},
	Journal = {Neural Computation},
	Number = {1},
	Pages = {79--87},
	Title = {Adaptive Mixtures of Local Experts},
	Volume = {3},
	Year = {1991}}

@article{JaHoSt05,
	Author = {Jasra, A. and Holmes, C. C. and Stephens, D. A.},
	Journal = {Statistical Science},
	Number = {1},
	Pages = {50--67},
	Title = {{M}arkov chain {M}onte {C}arlo methods and the label switching problem in {B}ayesian Mixture Modelling},
	Volume = {20},
	Year = {2005}}

@article{JaStHo07,
	Author = {Jasra, A. and Stephens, D. A. and Holmes, C.},
	Journal = {Biometrika},
	Number = {4},
	Pages = {787--807},
	Title = {Population-based Reversible Jump {M}arkov Chain {M}onte {C}arlo},
	Volume = {94},
	Year = {2007}}

@inproceedings{Joa02,
	Author = {Joachims, T.},
	Booktitle = {Proceedings of the ACM Conference on Knowledge Discovery and Data Mining (KDD)},
	Title = {Optimizing Search Engines Using Clickthrough Data},
	Year = {2002}}

@inproceedings{JoLe95,
	Author = {Joannides, M. and LeGland, F.},
	Booktitle = {Proceedings of the 34th IEEE Conference on Decision and Control},
	Title = {Nonlinear Filtering with Perfect Discrete Time Observations},
	Year = {1995}}

@inproceedings{JoLe97,
	Author = {Joannides, M. and LeGland, F.},
	Booktitle = {Proceedings of the 36th IEEE Conference on Decision and Control},
	Title = {Nonlinear filtering with continuous time perfect observations and noninformative quadratic variation},
	Year = {1997}}

@article{JoPr78,
	Author = {Johnson, D. S. and Preparata, F. P.},
	Journal = {Theoretical Computer Science},
	Pages = {93--107},
	Title = {The densest hemisphere problem},
	Volume = {6},
	Year = {1978}}

@article{Jon01,
	Author = {Jones, D. R.},
	Journal = {Journal of Global Optimization},
	Pages = {345--383},
	Title = {A Taxonomy of Global Optimization Methods Based on Response Surfaces},
	Volume = {21},
	Year = {2001}}

@article{JoVi03,
	Author = {Jones, M. and Viola, P.},
	Journal = {Mitsubishi Electric Research Lab TR-20003-96},
	Publisher = {Citeseer},
	Title = {Fast multi-view face detection},
	Volume = {3},
	Year = {2003}}

@inproceedings{JoSn08,
	Author = {Jones, M. J. and Snow, D.},
	Booktitle = {Pattern Recognition, 2008. ICPR 2008. 19th International Conference on},
	Organization = {IEEE},
	Pages = {1--4},
	Title = {Pedestrian detection using boosted features over many frames},
	Year = {2008}}

@book{Jor99,
	Editor = {Jordan, M. I.},
	Publisher = {MIT Press},
	Title = {Learning in Graphical Models},
	Year = {1999}}

@article{JuLa07,
	Author = {Julier, S.J. and LaViola Jr., J.J.},
	Journal = {IEEE Transactions on Signal Processing},
	Number = {6},
	Pages = {2774--2784},
	Title = {On {K}alman filtering with nonlinear equality constraints},
	Volume = {55},
	Year = {2007}}

@inproceedings{KaSc87,
	Author = {Kalyanasundaran, B. and Schnitger, G.},
	Booktitle = {Proceedings of the 2nd Annual IEEE Conference on Structure in Complexity Theory},
	Pages = {41--47},
	Title = {The probabilistic communication of set intersection},
	Year = {1987}}

@article{KaCl04,
	Author = {Kantarciogl\v{u}, M. and Clifton, C.},
	Journal = {IEEE Transactions on Knowledge and Data Engineering},
	Number = {9},
	Pages = {1026--1037},
	Title = {Privacy-preserving distributed mining of association rules on horizontally partitioned data},
	Volume = {16},
	Year = {2004}}

@inproceedings{KaCl04a,
	Author = {Kantarciogl\v{u}, M. and Clifton, C.},
	Booktitle = {European Conference on Principles of Data Mining and Knowledge Discovery},
	Pages = {279--290},
	Title = {Privacy-preserving distributed k-nn classifier},
	Year = {2004}}

@inproceedings{KaJiCl04,
	Author = {Kantarciogl\v{u}, M. and Jin, J. and Clifton, C.},
	Booktitle = {Proceedings of the 10th ACM SIGKDD International Conference on Knowledge Discovery and Data Mining},
	Pages = {599--604},
	Title = {When do data mining results violate privacy?},
	Year = {2004}}

@inproceedings{KaVa04,
	Author = {Kantarciogl\v{u}, M. and Vaidya, J.},
	Booktitle = {Proceedings of the Workshop on Privacy Preserving Data Mining held in association with The Third IEEE International Conference on Data Mining},
	Title = {Privacy preserving naive {B}ayes classifier for horizontally partitioned data},
	Year = {2004}}

@article{KeJa02,
	Author = {Kek{\"a}l{\"a}inen, J. and J{\"a}rvelin, K.},
	Journal = {Journal of the American Society for Information Science and Technology},
	Number = {13},
	Pages = {1120--1129},
	Title = {Using Graded Relevance Assessments in {IR} Evaluation},
	Volume = {53},
	Year = {2002}}

@inproceedings{Keg04,
	Address = {Vancouver, Canada},
	Author = {K\'{e}gl, B.},
	Booktitle = {Advances in Neural Information Processing Systems},
	Pages = {657--664},
	Publisher = {The MIT Press},
	Title = {Generalization Error and Algorithmic Convergence of Median Boosting},
	Volume = {17},
	Year = {2004}}

@inproceedings{KeWa04,
	Address = {Vancouver, Canada},
	Author = {K\'{e}gl, B. and Wang, L.},
	Booktitle = {Advances in Neural Information Processing Systems},
	Pages = {665--672},
	Publisher = {The MIT Press},
	Title = {Boosting on manifolds: adaptive regularization of base classifiers},
	Volume = {17},
	Year = {2004}}

@inproceedings{Keg03a,
	Author = {K\'{e}gl, B.},
	Booktitle = {Proceedings of the 16th Conference on Computational Learning Theory},
	Pages = {258--272},
	Title = {Robust Regression by Boosting the Median},
	Year = {2003}}

@techreport{Keg03b,
	Author = {K\'{e}gl, B.},
	Institution = {Department of Computer Science, University of Montreal},
	Number = {1241},
	Title = {Confidence-rated Regression by Boosting the Median},
	Year = {2004}}

@inproceedings{KeLiLu01,
	Author = {K\'egl, B. and Linder, T. and Lugosi, G.},
	Booktitle = {Proceedings of the 14th Conference on Computational Learning Theory},
	Pages = {368--384},
	Title = {Data-dependent margin-based generalization bounds for classification},
	Year = {2001}}

@unpublished{KeLu00,
	Author = {K\'egl, B. and Lugosi, G.},
	Note = {in preparation},
	Title = {A constructive algorithm for automatic model selection}}

@inproceedings{KeBu09,
	Address = {Montreal, Canada},
	Author = {K\'{e}gl, B. and Busa-Fekete, R.},
	Booktitle = {International Conference on Machine Learning},
	Pages = {497--504},
	Title = {Boosting products of base classifiers},
	Volume = {26},
	Year = {2009}}

@article{KiBuCi11,
	Author = {Kim, T.K. and Budvytis, I. and Cipolla, R.},
	Journal = {International Journal of Computer Vision},
	Pages = {1--13},
	Publisher = {Springer},
	Title = {Making a Shallow Network Deep: Conversion of a Boosting Classifier into a Decision Tree by Boolean Optimisation},
	Year = {2011}}

@inproceedings{KiSo05,
	Author = {Kissner, L. and Song, D.},
	Booktitle = {Proceedings of Crypto 2005},
	Pages = {241--257},
	Title = {Privacy-preserving set operations},
	Year = {2005}}

@inproceedings{KlSlUp08,
	Author = {Kleinberg, R. and Slivkins, A. and E., Upfal.},
	Booktitle = {40th ACM Symposium on Theory of Computing},
	Title = {Multi-Armed Bandits in Metric Spaces},
	Year = {2008}}

@inproceedings{KoSz05,
	Author = {Kocsis, L. and Szepesv\'{a}ri, Cs.},
	Booktitle = {Proceedings of the ECML-2005 Workshop on Reinforcement Learning in Non-Stationary Environments},
	Title = {Reduced-Variance Payoff Estimation in Adversarial Bandit Problems},
	Year = {2005}}

@inproceedings{KoSz06,
	Author = {Kocsis, L. and Szepesv\'{a}ri, Cs.},
	Booktitle = {Proceedings of the 17th European Conference on Machine Learning},
	Pages = {282--293},
	Title = {Bandit Based {M}onte-{C}arlo Planning},
	Year = {2006}}

@inproceedings{KoXiKa02,
	Author = {Kolcz, A. and Xiaomei, S. and Kalita, J.},
	Booktitle = {Proceedings of SIGKDD'02},
	Pages = {307--313},
	Title = {Efficient handling of high-dimensional feature spaces by randomized classifier ensembles},
	Year = {2002}}

@inproceedings{KoLa02,
	Author = {Kondor, R. I. and Lafferty, J.},
	Booktitle = {Proceedings of the 19th International Conference on Machine Learning},
	Title = {Diffusion Kernels on Graphs and Other Discrete Input Spaces},
	Year = {2002}}

@inproceedings{KoDeHu11,
	Author = {Kotlowski, W. and Dembczynski, K. and Hullermeier, E.},
	Booktitle = {Proceedings of the 28th International Conference on Machine Learning},
	Title = {Bipartite Ranking through Minimization of Univariate Loss},
	Year = {2011}}

@inproceedings{KrSuHi12,
	Author = {Krizhevsky, A. and Sutskever, I. and Hinton, G.},
	Booktitle = {Advances in Neural Information Processing Systems},
	Publisher = {MIT Press},
	Title = {Image{N}et Classification with Deep Convolutional Neural Networks},
	Volume = {25},
	Year = {2012}}

@inproceedings{KrJhMc05,
	Author = {Kruger, L. and Jha, S. and McDaniel, P.},
	Booktitle = {Proceedings of the 10th European Symposium on Research in Computer Security},
	Pages = {397-417},
	Title = {Privacy preserving clustering},
	Year = {2005}}

@inproceedings{LaLaMa12,
	Author = {Lacoste, A. and Laviolette, F. and Marchand, M.},
	Booktitle = {15th International Conference on Artificial Intelligence and Statistics {(AISTATS)}},
	Title = {Bayesian Comparison of Machine Learning Algorithms on Single and Multiple Datasets},
	Year = {2012}}

@inproceedings{LaPa03,
	Author = {Lagoudakis, M. and Parr, R.},
	Booktitle = {Proceedings of the 20th International Conference on Machine Learning},
	Pages = {424--431},
	Title = {Reinforcement learning as classification: Leveraging modern classifiers},
	Year = {2003}}

@article{LaRo85,
	Author = {Lai, T.L. and Robbins, H.},
	Journal = {Advances in Applied Mathematics},
	Number = {1},
	Pages = {4--22},
	Title = {Asymptotically efficient allocation rules},
	Volume = {6},
	Year = {1985}}

@article{LaOb02,
	Author = {Lazarevic, A. and Obradovic, Z.},
	Journal = {Distributed and Parallel Databases},
	Number = {2},
	Pages = {203--229},
	Title = {Boosting algorithms for parallel and distributed learning},
	Volume = {11},
	Year = {2002}}

@inproceedings{LaHi10,
	Author = {Larochelle, H. and Hinton, G.},
	Booktitle = {Advances in Neural Information Processing Systems 23},
	Pages = {1243--1251},
	Publisher = {MIT Press},
	Title = {Learning to combine foveal glimpses with a third-order {B}oltzmann machine},
	Year = {2010}}

@book{LaLo01,
	Editor = {Larra{\~n}aga, P. and Lozano, J.},
	Publisher = {Springer},
	Title = {Estimation of Distribution Algorithms: A New Tool for Evolutionary Computation},
	Year = {2001}}

@inproceedings{LBRN07,
	Author = {Lee, H. and Battle, A. and Raina, R. and Ng, A. Y.},
	Booktitle = {Advances in Neural Information Processing Systems},
	Pages = {801--808},
	Publisher = {The MIT Press},
	Title = {Efficient sparse coding algorithms},
	Volume = {19},
	Year = {2007}}

@article{LeBoBeHa98,
	Author = {LeCun, Y. and Bottou, L. and Bengio, Y. and Haffner, P.},
	Journal = {Proceedings of the IEEE},
	Number = {11},
	Pages = {2278--2324},
	Title = {Gradient-Based Learning Applied to Document Recognition},
	Volume = {86},
	Year = {1998}}

@inproceedings{LiChBu07,
	Author = {Li, P. and Burges, C. and Wu, Q.},
	Booktitle = {Advances in Neural Information Processing Systems},
	Pages = {897--904},
	Publisher = {The MIT Press},
	Title = {Mc{R}ank: Learning to Rank Using Multiple Classification and Gradient Boosting},
	Volume = {19},
	Year = {2007}}

@article{LiZh04,
	Author = {Li, S.Z. and Zhang, Z.Q.},
	Journal = {Pattern Analysis and Machine Intelligence, IEEE Transactions on},
	Number = {9},
	Pages = {1112--1123},
	Publisher = {IEEE},
	Title = {Floatboost learning and statistical face detection},
	Volume = {26},
	Year = {2004}}

@article{LZZBZS06,
	Author = {Li, S. and Zhu, L. and Zhang, Z.Q. and Blake, A. and Zhang, H.J. and Shum, H.},
	Journal = {Computer Vision ECCV 2002},
	Pages = {117--121},
	Publisher = {Springer},
	Title = {Statistical learning of multi-view face detection},
	Year = {2006}}

@article{LiKuPi03,
	Author = {Lienhart, R. and Kuranov, A. and Pisarevsky, V.},
	Journal = {Pattern Recognition},
	Pages = {297--304},
	Publisher = {Springer},
	Title = {Empirical analysis of detection cascades of boosted classifiers for rapid object detection},
	Year = {2003}}

@inproceedings{LiLi05,
	Author = {Lin, Y.Y. and Liu, T.L.},
	Booktitle = {Computer Vision and Pattern Recognition, 2005. CVPR 2005. IEEE Computer Society Conference on},
	Organization = {IEEE},
	Pages = {680--687},
	Title = {Robust face detection with multi-class boosting},
	Volume = {1},
	Year = {2005}}

@article{LiPi02,
	Author = {Lindell, Y. and Pinkas, B.},
	Journal = {Journal of Cryptology},
	Pages = {177--206},
	Title = {Privacy preserving data mining},
	Volume = {15},
	Year = {2002}}

@phdthesis{Liz08,
	Author = {Lizotte, D.},
	School = {University of Alberta},
	Title = {Practical Bayesian Optimization},
	Year = {2008}}

@article{Lou82,
	Author = {Louis, T.A.},
	Journal = {Journal of the Royal Statistical Society},
	Number = {2},
	Pages = {226--233},
	Series = {B},
	Title = {Finding the Observation Matrix when Using the {EM} Algorithm},
	Volume = {44},
	Year = {1982}}

@unpublished{Lug00,
	Author = {Lugosi, G.},
	Note = {personal communication},
	Title = {On automatic model selection}}

@article{LuNo99,
	Author = {Lugosi, G. and Nobel, A.},
	Journal = {Annals of Statistics},
	Number = {6},
	Title = {Adaptive Model Selection Using Empirical Complexities},
	Volume = {26},
	Year = {1999}}

@article{LuZe95,
	Author = {Lugosi, G. and Zeger, K.},
	Journal = {IEEE Transactions on Information Theory},
	Pages = {677--678},
	Title = {Nonparametric estimation via empirical risk minimization},
	Volume = {41},
	Year = {1995}}

@article{LuZe96,
	Author = {Lugosi, G. and Zeger, K.},
	Journal = {IEEE Transactions on Information Theory},
	Pages = {48--54},
	Title = {Concept learning using complexity regularization},
	Volume = {42},
	Year = {1996}}

@techreport{LuNo96,
	Author = {Lugosi, G. and Nobel, A.},
	Institution = {Department of Statistics, University of North Carolina, Chapel Hill},
	Number = {2346},
	Title = {Adaptive model selection using empirical complexities},
	Year = {1996}}

@inproceedings{MaSu10,
	Author = {Maei, H.R. and Sutton, R.S.},
	Booktitle = {Proceedings of the Third Conference on Artificial General Intelligence},
	Date-Added = {2012-07-31 11:02:01 +0000},
	Date-Modified = {2012-07-31 11:02:01 +0000},
	Pages = {91--96},
	Title = {GQ ($\lambda$): A general gradient algorithm for temporal-difference prediction learning with eligibility traces},
	Year = {2010}}

@article{MaMeRo04,
	Author = {Marin, J. M. and Mengersen, K. and Robert, C.P.},
	Editor = {Dey, D. and (eds), C.R. Rao},
	Journal = {Handbook of {S}tatistics},
	Publisher = {Elsevier-Sciences},
	Title = {Bayesian modelling and inference on mixtures of distributions},
	Volume = {25},
	Year = {2004}}

@book{MaRo07,
	Address = {New York},
	Author = {Marin, J.-M. and Robert, C.P.},
	Publisher = {Springer-Verlag},
	Title = {{B}ayesian Core: A Practical Approach to Computational {B}ayesian Statistics},
	Year = {2007}}

@mastersthesis{Mar04,
	Author = {Marlin, B.},
	School = {University of Toronto},
	Title = {Collaborative filtering: a machine learning perspective},
	Year = {2004}}

@inproceedings{MaVa07,
	Author = {Masnadi-Shirazi, H. and Vasconcelos, N.},
	Booktitle = {Computer Vision, 2007. ICCV 2007. IEEE 11th International Conference on},
	Organization = {IEEE},
	Pages = {1--6},
	Title = {High detection-rate cascades for real-time object detection},
	Year = {2007}}

@article{MaVa11,
	Author = {Masnadi-Shirazi, H. and Vasconcelos, N.},
	Journal = {Pattern Analysis and Machine Intelligence, IEEE Transactions on},
	Number = {2},
	Pages = {294--309},
	Publisher = {IEEE},
	Title = {Cost-sensitive boosting},
	Volume = {33},
	Year = {2011}}

@article{MaBaBa00,
	Author = {Mason, L. and Bartlett, P. and Baxter, J.},
	Journal = {Machine Learning},
	Month = {March},
	Number = {3},
	Pages = {243--255},
	Title = {Improved generalization through explicit optimization of margins},
	Volume = {38},
	Year = {2000}}

@inproceedings{MaBaBaFr99,
	Author = {Mason, L. and Bartlett, P. and Baxter, J. and Frean, M.},
	Booktitle = {Advances in Neural Information Processing Systems},
	Pages = {512--518},
	Publisher = {The MIT Press},
	Title = {Boosting algorithms as gradient descent},
	Volume = {12},
	Year = {2000}}

@article{MaBaBaFr00,
	Author = {Mason, L. and Bartlett, P. and Baxter, J. and Frean, M.},
	Journal = {Submitted to Journal of Artificial Intelligence Research},
	Title = {Boosting algorithms as gradient descent in function space},
	Year = {1999}}

@inproceedings{MaFiSaScSe09,
	Author = {Maturana, J. and Fialho, \'A. and Saubion, F. and Schoenauer, M. and Sebag, M.},
	Booktitle = {CEC'09: Proceedings of the IEEE International Conference on Evolutionary Computation},
	Month = {May},
	Pages = {365--372},
	Publisher = {IEEE Press},
	Title = {Extreme Compass and Dynamic Multi-Armed Bandits for Adaptive Operator Selection},
	Year = {2009}}

@article{MeRa03,
	Author = {Meir, R. and R{\"a}tsch, G.},
	Journal = {Advanced lectures on machine learning},
	Pages = {118--183},
	Publisher = {Springer},
	Title = {An introduction to boosting and leveraging},
	Year = {2003}}

@inproceedings{MeRiVoPu09,
	Author = {{D}e {M}esmay, F. and {R}immel, A. and {V}oronenko, Y. and {P}{\"u}schel, M.},
	Booktitle = {Proceedings of the 26th International Conference on Machine Learning},
	Pages = {729-736},
	Title = {Bandit-Based Optimization on Graphs with Application to Library Performance Tuning},
	Year = {2009}}

@book{MeTw93,
	Author = {Meyn, S. P. and Tweedie, R.L.},
	Publisher = {Springer},
	Title = {Markov chains and stochastic stability},
	Year = {1993}}

@techreport{MoMa99,
	Author = {Moerland, P. and Mayoraz, E.},
	Institution = {IDIAP, Switzerland},
	Number = {9},
	Title = {{DynaBoost}: Combining Boosted Hypotheses in a Dynamic Way},
	Year = {1999}}

@article{MeWy07,
	Author = {Mease, D. and Wyner, A.},
	Journal = {Journal of Machine Learning Research},
	Pages = {131--156},
	Title = {Evidence Contrary to the Statistical View of Boosting},
	Volume = {9},
	Year = {2007}}

@article{MeWyBu07,
	Author = {Mease, D. and Wyner, A. and Buja, A.},
	Journal = {Journal of Machine Learning Research},
	Pages = {409--439},
	Title = {Boosted classification trees and class probability/quantile estimation},
	Volume = {8},
	Year = {2007}}

@inproceedings{MeElBe00,
	Author = {Meir, R. and El-{Y}aniv, R. and Ben-{D}avid, S.},
	Booktitle = {Proceedings of the 13th Annual Conference on Computational Learning Theory},
	Pages = {190--199},
	Title = {Localized Boosting},
	Year = {2000}}

@article{MeCr07,
	Author = {Metzler, D. and Croft, B. W.},
	Journal = {Information Retrieval},
	Pages = {257--274},
	Title = {Linear feature-based models for information retrieval},
	Volume = {10},
	Year = {2007}}

@incollection{MoTiZi78,
	Author = {Mockus, J. and Tiesis, V. and Zilinskas, A.},
	Booktitle = {Towards Global Optimization},
	Editor = {Dixon, L.C.W. and Szego, G.P.},
	Pages = {117--129},
	Publisher = {North Holland, New York},
	Title = {The application of {B}ayesian methods for seeking the extremum},
	Volume = {2},
	Year = {1978}}

@article{MRRTT53,
	Author = {Metropolis, N. and Rosenbluth, A.W. and Rosenbluth, M.N. and Teller, A.H. and Teller, E.},
	Journal = {Journal of Chemical Physics},
	Number = {6},
	Pages = {1087--1092},
	Title = {Equations of State Calculations by Fast Computing Machines},
	Volume = {21},
	Year = {1953}}

@inproceedings{MCLLLPJ09,
	Author = {Miller, H. and Clarke, S. and S., Lane and Lazaridis, A. D. and S., Petrovski and O., Jones},
	Booktitle = {this volume},
	Pages = {0--0},
	Title = {Predicting customer behaviour: {T}he {U}niversity of {M}elbourne's {KDD Cup} report},
	Year = {2009}}

@article{MuGa06,
	Author = {Munder, S. and Gavrila, D. M.},
	Issue = {11},
	Journal = {IEEE Trans. Pattern Anal. Mach. Intell.},
	Pages = {1863--1868},
	Publisher = {IEEE Computer Society},
	Title = {An Experimental Study on Pedestrian Classification},
	Volume = {28},
	Year = {2006}}

@book{Nab02,
	Author = {Nabney, I.},
	Publisher = {Springer},
	Title = {Netlab: Algorithms for Pattern Recognition},
	Year = {2002}}

@inproceedings{NaEi07,
	Author = {Nannen, V. and Eiben, A. E.},
	Booktitle = {Proceedings of the International Joint Conference on Artificial Intelligence},
	Pages = {975--980},
	Title = {Relevance Estimation and Value Calibration of Evolutionary Algorithm Parameters},
	Year = {2007}}

@article{Nea00,
	Author = {Neal, R. M.},
	Journal = {Journal of Computational and Graphical Statistics},
	Pages = {249--265},
	Title = {Markov chain sampling methods for {D}irichlet process mixture models},
	Volume = {9},
	Year = {2000}}

@inbook{Nea10,
	Author = {Neal, R. M.},
	Chapter = {{MCMC} using {H}amiltonian dynamics},
	Publisher = {Chapman \& Hall / CRC Press},
	Title = {Handbook of {M}arkov Chain {M}onte {C}arlo},
	Year = {2010}}

@article{Nef01,
	Author = {Neff, A.},
	Journal = {ACM CCS},
	Pages = {116--125},
	Title = {A verifiable secret shuffle and its application to {e}-voting},
	Year = {2001}}

@inproceedings{NeGySz10,
	Author = {Neu, G. and Gy{\"o}rgy, A. and Szepesv{\'a}ri, Cs.},
	Booktitle = {Proceedings of the 23th Annual Conference on Computational Learning Theory},
	Pages = {231--243},
	Title = {The Online Loop-free Stochastic Shortest-Path Problem},
	Year = {2010}}

@inproceedings{NeGySzAn10,
	Author = {Neu, G. and Gy\"{o}rgy, A. and Szepesv\'{a}ri, Cs. and Antos, A.},
	Booktitle = {Advances in Neural Information Processing Systems},
	Pages = {1804--1812},
	Publisher = {The MIT Press},
	Title = {Online {M}arkov Decision Processes under Bandit Feedback},
	Volume = {23},
	Year = {2010}}

@article{Neu28,
	Author = {von Neumann, J.},
	Journal = {Math. Ann.},
	Pages = {295--320},
	Title = {Zur {T}heorie der {G}esellschaftsspiele},
	Volume = {100},
	Year = {1928}}

@inproceedings{NKCBN11,
	Author = {Ngiam, J. and Koh, P.W. and Chen, Z. and Bhaskar, S. and Ng, A.Y.},
	Booktitle = {Advances in Neural Information Processing Systems},
	Publisher = {The MIT Press},
	Title = {Sparse Filtering},
	Volume = {25},
	Year = {2011}}

@inproceedings{NiCa05,
	Author = {Niculescu-Mizil, A. and Caruana, R.},
	Booktitle = {Proceedings of the 21st International Conference on Uncertainty in Artificial Intelligence},
	Pages = {413--420},
	Title = {Obtaining Calibrated Probabilities from Boosting},
	Year = {2005}}

@article{Orm02,
	Author = {Ormoneit, D. and Glynn, P.},
	Journal = {IEEE Transactions on Automatic Control},
	Number = {10},
	Pages = {1624--1636},
	Title = {Kernel-based reinforcement learning in average-cost problems},
	Volume = {47},
	Year = {2002}}

@phdthesis{Ott08,
	Address = {Budapest, Hungary},
	Author = {Ottucs\'{a}k, Gy.},
	School = {{D}epartment of {C}omputer {S}cience and {I}nformation {T}heory, {B}udapest {U}niversity of {T}echnology and {E}conomics},
	Title = {Machine learning in Info-Communication Systems},
	Year = {2008}}

@inproceedings{OzRu01,
	Author = {Oza, N.C. and Russell, S.},
	Booktitle = {Proceedings of the Eighth International Workshop on Artificial Intelligence and Statistics},
	Title = {Online bagging and boosting},
	Year = {2001}}

@inproceedings{Pai00,
	Author = {Paillier, P.},
	Booktitle = {Proceedings of Asiacrypt'00},
	Pages = {573--584},
	Title = {Public-key cryptosystems based on composite degree residuosity classes},
	Year = {2000}}

@article{PaIl10,
	Author = {Papastamoulis, P. and Iliopoulos, G.},
	Journal = {Journal of Computational and Graphical Statistics},
	Pages = {313--331},
	Title = {An artificial allocations based solution to the label switching problem in {B}ayesian analysis of mixtures of distribution},
	Volume = {19},
	Year = {2010}}

@unpublished{PVKG07,
	Abstract = {Our rejected NIPS paper.},
	Author = {Perez, J. and Vazquez, E. and K\'egl, B. and Germain-Renaud, C.},
	Title = {Efficient hyperparameter optimization using {G}aussian processes and expected improvement},
	Url1 = {PDFs/PVKG07.pdf},
	Year = {2007}}

@inproceedings{PhCh07,
	Author = {Pham, M.T. and Cham, T.J.},
	Booktitle = {Computer Vision and Pattern Recognition, 2007. CVPR'07. IEEE Conference on},
	Organization = {IEEE},
	Pages = {1--8},
	Title = {Online learning asymmetric boosted classifiers for object detection},
	Year = {2007}}

@article{PiDoDiCo09,
	Author = {Pinto, N. and Doukhan, D. and DiCarlo, J. J. and Cox, D. D.},
	Journal = {PLoS Computational Biology},
	Month = {11},
	Number = {11},
	Publisher = {Public Library of Science},
	Title = {A high-throughput screening approach to discovering good forms of biologically inspired visual representation},
	Volume = {5},
	Year = {2009}}

@incollection{Pla99,
	Author = {Platt, J.},
	Booktitle = {Advances in Large Margin Classifiers},
	Editor = {Smola, A.J. and Bartlett, P. and Schoelkopf, B. and Schuurmans, D.},
	Pages = {61--74},
	Publisher = {MIT Press},
	Title = {Probabilistic outputs for support vector machines and comparison to regularized likelihood methods},
	Year = {2000}}

@article{PrKuPo05,
	Author = {Predd, J. B. and Kulkarni, S. R. and Poor, H. V.},
	Journal = {IEEE Transactions on Information Theory},
	Number = {1},
	Pages = {52--63},
	Title = {Consistency in Models Distributed Learning Under Communication Constraints},
	Volume = {52},
	Year = {2006}}

@book{PrSh88,
	Author = {Preparata, F. P. and Shamos, M. I.},
	Publisher = {Springer-Verlag},
	Series = {Texts and Monographs in Computer Science},
	Title = {{C}omputational {G}eometry, an Introduction},
	Year = {1988}}

@inproceedings{PoAbSzGrSt10,
	Author = {P\'{o}czos, B. and Abbasi-Yadkori, Y. and Szepesv\'{a}ri, Cs. and Greiner, R. and Sturtevant, N.},
	Booktitle = {Proceedings of the 26th International Conference on Machine Learning},
	Pages = {825--832},
	Title = {Learning when to stop thinking and do something!},
	Year = {2009}}

@book{Pol84,
	Address = {New York},
	Author = {Pollard, D.},
	Publisher = {Springer-Verlag},
	Title = {Convergence of Stochastic Processes},
	Year = {1984}}

@book{Pol90,
	Author = {Pollard, D.},
	Publisher = {NSF-CBMS Regional Conference Series in Probability and Statistics, Institute of Mathematical Statistics, Hayward, CA},
	Title = {Empirical Processes: Theory and Applications},
	Year = {1990}}

@book{Qui93,
	Author = {Quinlan, J.},
	Publisher = {Morgan Kaufmann},
	Title = {{C4.5}: Programs for Machine Learning},
	Year = {1993}}

@article{Qui86,
	Author = {Quinlan, J.},
	Journal = {Machine Learning},
	Number = {1},
	Pages = {81--106},
	Title = {Induction of decision trees},
	Volume = {1},
	Year = {1986}}

@inproceedings{Qui96,
	Author = {Quinlan, J.},
	Booktitle = {Proceedings of the 13th National Conference on Artificial Intelligence},
	Pages = {725--730},
	Title = {Bagging, boosting and {C4.5}},
	Year = {1996}}

@inproceedings{RaBe89,
	Author = {Rabin, T. and Ben-{O}r, M.},
	Booktitle = {Proceedings of the 21th ACM Symposium on Theory of Computing},
	Pages = {73--85},
	Title = {Verifiable secret sharing and multiparty protocols with honest majority},
	Year = {1989}}

@inproceedings{RaFu08,
	Author = {Ramirez, G.A. and Fuentes, O.},
	Booktitle = {Applications of Computer Vision, 2008. WACV 2008. IEEE Workshop on},
	Organization = {Ieee},
	Pages = {1--6},
	Title = {Multi-pose face detection with asymmetric haar features},
	Year = {2008}}

@inproceedings{RaPoChLe07,
	Address = {Cambridge, MA},
	Author = {Ranzato, M. and Poultney, C. and Chopra, S. and LeCun, Y.},
	Booktitle = {Advances in Neural Information Processing Systems 19},
	Pages = {1137--1144},
	Publisher = {MIT Press},
	Title = {Efficient Learning of Sparse Representations with an Energy-Based Model},
	Year = {2007}}

@inproceedings{Ras00,
	Author = {Rasmussen, C. E.},
	Booktitle = {Advances in Neural Information Processing Systems},
	Publisher = {The MIT Press},
	Title = {The Infinite {G}aussian Mixture Model},
	Volume = {12},
	Year = {2000}}

@book{RaWi06,
	Author = {Rasmussen, C. E. and Williams, C. K. I.},
	Publisher = {MIT Press},
	Title = {\href{http://www.gaussianprocess.org/gpml}{Gaussian Processes for Machine Learning}},
	Year = {2006}}

@techreport{RaWa01,
	Author = {R\"{a}tsch, G. and Warmuth, M. K.},
	Institution = {NeuroCOLT2 Technical Report 97},
	Title = {Marginal boosting},
	Year = {2001}}

@article{RaWa03,
	Author = {R\"{a}tsch, G. and Warmuth, M. K.},
	Journal = {Journal of Machine Learning Research (submitted)},
	Title = {Efficient Margin Maximizing with Boosting},
	Year = {2003}}

@inproceedings{RaWa02,
	Author = {R\"{a}tsch, G. and Warmuth, M. K.},
	Booktitle = {Proceedings of the 15th Conference on Computational Learning Theory},
	Title = {Maximizing the Margin with Boosting},
	Year = {2002}}

@article{RaOnMu01,
	Author = {R\"{a}tsch, G. and Onoda, T. and M\"{u}ller, K.-R.},
	Journal = {Machine Learning},
	Number = {3},
	Pages = {287--320},
	Title = {Soft margins for {A}da{B}oost},
	Volume = {42},
	Year = {2001}}

@inproceedings{RaTeYa11,
	Author = {Ravikumar, P. and Tewari, A. and Yang, E.},
	Booktitle = {JMLR Workshop and Conference Proceedings, AISTATS},
	Title = {On {NDCG} Consistency of Listwise Ranking Methods},
	Year = {2011}}

@inproceedings{RaKrYu10,
	Author = {Raykar, V.C. and Krishnapuram, B. and Yu, S.},
	Booktitle = {Proceedings of the 16th ACM SIGKDD international conference on Knowledge discovery and data mining},
	Organization = {ACM},
	Pages = {853--860},
	Title = {Designing efficient cascaded classifiers: Tradeoff between accuracy and cost},
	Year = {2010}}

@book{Rey83,
	Address = {Berlin},
	Author = {Rey, W. J.},
	Publisher = {Springer-Verlag},
	Title = {Introduction to Robust and Quasi-Robust Statistical Methods},
	Year = {1983}}

@inproceedings{Rey11,
	Author = {Reyzin, L.},
	Organization = {ICML},
	Title = {Boosting on a Budget: Sampling for Feature-Efficient Prediction},
	Year = {2011}}

@inproceedings{ReSc06,
	Author = {Reyzin, L. and Schapire, R. E.},
	Booktitle = {International Conference on Machine Learning},
	Pages = {753--760},
	Title = {How boosting the margin can also boost classifier complexity},
	Year = {2006}}

@article{RiGr97,
	Author = {Richardson, S. and Green, P. J.},
	Journal = {Journal of the {R}oyal {S}tatistical {S}ociety, Series B},
	Number = {4},
	Pages = {731-792},
	Title = {On {B}ayesian analysis of mixtures with an unknown number of components},
	Volume = {59},
	Year = {1997}}

@article{Rie05,
	Author = {Riedmiller, M.},
	Journal = {Machine Learning: ECML 2005},
	Pages = {317--328},
	Publisher = {Springer},
	Title = {Neural fitted Q iteration--first experiences with a data efficient neural reinforcement learning method},
	Year = {2005}}

@article{RiTo11a,
	Author = {Rigollet, P. and Tong, X.},
	Journal = {The Journal of Machine Learning Research},
	Pages = {2831--2855},
	Publisher = {JMLR. org},
	Title = {Neyman-pearson classification, convexity and stochastic constraints},
	Volume = {12},
	Year = {2011}}

@article{RiTo11b,
	Author = {Rigollet, P. and Tong, X.},
	Ee = {http://jmlr.csail.mit.edu/proceedings/papers/v19/rigollet11a.html},
	Fjournal = {Journal of Machine Learning Research (JMLR) - Workshops and Conference Proceedings},
	Journal = {J. Mach. Learn. Res.- W\&CP},
	Page = {595-614 (electronic)},
	Title = {Neyman-Pearson classification under a strict constraint},
	Volume = {19},
	Year = {2011}}

@article{Ris83,
	Author = {Rissanen, J.},
	Journal = {Annals of Statistics},
	Pages = {416--431},
	Title = {A universal prior for integers and estimation by minimum description length},
	Volume = {11},
	Year = {1983}}

@article{Riv87,
	Author = {Rivest, R. L.},
	Issue = {3},
	Journal = {Mach. Learn.},
	Pages = {229--246},
	Title = {Learning Decision Lists},
	Volume = {2},
	Year = {1987}}

@book{RoCa04,
	Address = {New York},
	Author = {Robert, C. P. and Casella, G.},
	Publisher = {Springer-Verlag},
	Title = {{M}onte {C}arlo Statistical Methods},
	Year = {2004}}

@article{RoGeGi97,
	Author = {Roberts, G. and Gelman, A. and Gilks, W.},
	Journal = {The Annals of Applied Probability},
	Pages = {110--120},
	Title = {Weak Convergence of Optimal Scaling of Random Walk {M}etropolis Algorithms},
	Volume = {7},
	Year = {1997}}

@inproceedings{RoHoFl07,
	Author = {Roberts, M. and Howe, A. and Flom, L.},
	Booktitle = {Working Notes of ICAPS 2007},
	Title = {Learned Models of Performance for Many Planners},
	Year = {2007}}

@phdthesis{Roo12,
	Author = {Roodaki, A.},
	School = {Sup\'elec},
	Title = {Signal decompositions using trans-dimensional {B}ayesian methods},
	Year = {2012}}

@article{RoZa09,
	Author = {Robertson, S. and Zaragoza, H.},
	Issue = {4},
	Journal = {Found. Trends Inf. Retr.},
	Pages = {333--389},
	Title = {The Probabilistic Relevance Framework: {BM25} and Beyond},
	Volume = {3},
	Year = {2009}}

@article{Rob56,
	Author = {Robbins, H.},
	Journal = {roceedings of the Third Berkeley Symposium on Mathematical Statistics and Probability},
	Pages = {157--163},
	Title = {An Empirical {B}ayes Approach to Statistics},
	Volume = {1: Contributions to the Theory of Statistics},
	Year = {1956}}

@article{RoRo01,
	Author = {Roberts, G. O. and Rosenthal, J. S.},
	Journal = {Statistical Science},
	Pages = {351--367},
	Title = {Optimal scaling for various {M}etropolis-{H}astings algorithms},
	Volume = {16},
	Year = {2001}}

@article{RoRo07,
	Author = {Roberts, G. O. and Rosenthal, J. S.},
	Journal = {Journal of Applied Probability},
	Pages = {486--475},
	Title = {Coupling and Ergodicity of Adaptive {MCMC}},
	Volume = {44},
	Year = {2007}}

@incollection{Ros09,
	Author = {Rosenthal, J. S.},
	Booktitle = {{MCMC} Handbook},
	Publisher = {Chapman \& Hall/CRC Press},
	Title = {Optimal Proposal Distributions and Adaptive {MCMC}},
	Year = {2009}}

@article{RoSa00,
	Author = {Roweis, S. and K., Saul L.},
	Journal = {Science},
	Pages = {2323--2326},
	Title = {Nonlinear dimensionality reduction by locally linear embedding},
	Volume = {290},
	Year = {2000}}

@inproceedings{RoSaHi02,
	Author = {Roweis, S. and Saul, L. K. and Hinton, G. E.},
	Booktitle = {Advances in Neural Information Processing Systems},
	Publisher = {The MIT Press},
	Title = {Global Coordination of Local Linear Models},
	Volume = {14},
	Year = {2002}}

@book{RuKr04,
	Author = {Rubinstein, R. Y. and Kroese, D. P.},
	Publisher = {Springer},
	Title = {The Cross-Entropy Method: A Unified Approach to Combinatorial Optimization, Monte Carlo Simulation and Machine Learning},
	Year = {2004}}

@article{RuOsVa11,
	Author = {R{\"u}ckstie{\ss}, T. and Osendorfer, C. and van der Smagt, P.},
	Journal = {AI 2011: Advances in Artificial Intelligence},
	Pages = {132--141},
	Publisher = {Springer},
	Title = {Sequential Feature Selection for Classification},
	Year = {2011}}

@article{RuHiWi86,
	Author = {Rumelhart, D. E. and Hinton, G. E. and Williams, R. J.},
	Journal = {Nature},
	Pages = {533--536},
	Title = {Learning representations by back-propagating errors},
	Volume = {323},
	Year = {1986}}

@techreport{RuNi94,
	Author = {Rummery, G. A. and Niranjan, M.},
	Institution = {Cambridge University, Engineering Department},
	Number = {CUED/F-INFENG/TR 166},
	Title = {On-Line {Q}-Learning Using Connectionist Systems},
	Year = {1994}}

@article{ScSi00,
	Author = {Schapire, R. E. and Singer, Y.},
	Journal = {Machine learning},
	Number = {2},
	Pages = {135--168},
	Publisher = {Springer},
	Title = {BoosTexter: A boosting-based system for text categorization},
	Volume = {39},
	Year = {2000}}

@inproceedings{SaVa10,
	Author = {Saberian, M. and Vasconcelos, N.},
	Booktitle = {Advances in Neural Information Processing Systems 23},
	Pages = {2047--2055},
	Publisher = {MIT Press},
	Title = {Boosting Classifier Cascades},
	Year = {2010}}

@article{Sau72,
	Author = {Sauer, N.},
	Journal = {Journal of Combinatorial Theory Series A},
	Pages = {145--147},
	Title = {On the density of families of sets},
	Volume = {13},
	Year = {1972}}

@inproceedings{SaHi07,
	Author = {Salakhutdinov, R. and Hinton, G.},
	Booktitle = {International Conference on Artificial Intelligence and Statistics},
	Pages = {412--419},
	Title = {Learning a Nonlinear Embedding by Preserving Class Neighbourhood Structure},
	Year = {2007}}

@article{Sak07,
	Author = {Sakai, T.},
	Journal = {Information Processing \& Management},
	Number = {2},
	Pages = {531--548},
	Title = {On the reliability of information retrieval metrics based on graded relevance},
	Volume = {43},
	Year = {2007}}

@article{SaVi10,
	Author = {Saksman, E. and Vihola, M.},
	Journal = {Annals of {A}pplied {P}robability},
	Pages = {2178--2203},
	Title = {On the ergodicity of the adaptive {M}etropolis algorithm on unbounded domains},
	Volume = {20},
	Year = {2010}}

@article{ScBe00,
	Author = {Schwenk, H. and Bengio, Y.},
	Journal = {Neural Computation},
	Pages = {1869--1887},
	Title = {Boosting neural networks},
	Volume = {12},
	Year = {2000}}

@article{Sha79,
	Author = {Shamir, A.},
	Journal = {Communications of the ACM},
	Number = {11},
	Pages = {612--613},
	Title = {How to share a secret},
	Volume = {22},
	Year = {1979}}

@article{ScFrBaLe98,
	Author = {Schapire, R. E. and Freund, Y. and Bartlett, P. and Lee, W. S.},
	Journal = {Annals of Statistics},
	Number = {5},
	Pages = {1651--1686},
	Title = {Boosting the margin: a new explanation for the effectiveness of voting methods},
	Volume = {26},
	Year = {1998}}

@article{ScSi99,
	Author = {Schapire, R. E. and Singer, Y.},
	Journal = {Machine Learning},
	Number = {3},
	Pages = {297--336},
	Title = {Improved boosting algorithms using confidence-rated predictions},
	Volume = {37},
	Year = {1999}}

@misc{Sco05,
	Author = {Scott, C.},
	Publisher = {Unpublished},
	Title = {Comparison and design of Neyman-Pearson classifiers},
	Year = {2005}}

@article{Sco07,
	Author = {Scott, C.},
	Journal = {Information Theory, IEEE Transactions on},
	Number = {8},
	Pages = {2852--2863},
	Publisher = {IEEE},
	Title = {Performance measures for Neyman--Pearson classification},
	Volume = {53},
	Year = {2007}}

@article{ScBaDa08,
	Author = {Scott, C.D. and Baraniuk, R.G. and Davenport, M.A.},
	Journal = {Rice University ECE Technical Report},
	Title = {Tuning support vector machines for minimax and Neyman-Pearson classification},
	Year = {2008}}

@article{ScNo05,
	Author = {Scott, C. and Nowak, R.},
	Journal = {Information Theory, IEEE Transactions on},
	Number = {11},
	Pages = {3806--3819},
	Publisher = {IEEE},
	Title = {A Neyman-Pearson approach to statistical learning},
	Volume = {51},
	Year = {2005}}

@article{ShBaAn98,
	Author = {Shawe-Taylor, J. and Bartlett, P. L. and Anthony, M.},
	Journal = {IEEE Transactions on Information Theory},
	Number = {5},
	Pages = {1926--1940},
	Title = {Structural risk minimization over data-dependent hierarchies},
	Volume = {44},
	Year = {1998}}

@article{ShWaLi10,
	Author = {Shen, C. and Wang, P. and Li, H.},
	Journal = {Computer Vision--ECCV 2010},
	Pages = {608--621},
	Publisher = {Springer},
	Title = {LACBoost and FisherBoost: optimally building cascade classifiers},
	Year = {2010}}

@article{ShMa00,
	Author = {Shi, J. and Malik, J.},
	Journal = {IEEE Transactions on Pattern Analysis and Machine Intelligence},
	Number = {8},
	Pages = {888--905},
	Title = {Normalized cuts and image segmentation},
	Volume = {22},
	Year = {2000}}

@inproceedings{SiStPl03,
	Author = {Simard, P. Y. and Steinkraus, D. and Platt, J.},
	Booktitle = {International Conference on Document Analysis and Recognition},
	Pages = {958--962},
	Title = {Best Practice for Convolutional Neural Networks Applied to Visual Document Analysis},
	Year = {2003}}

@article{Sim09,
	Author = {Simon, D.},
	Journal = {IET Control Theory and Applications},
	Pages = {1--16},
	Title = {Kalman filtering with state constraints: a survey of linear and nonlinear algorithms},
	Year = {2009}}

@article{SiJaLiSz00,
	Author = {Singh, S. P. and Jaakkola, T. and Littman, M.L. and Szepesv{\'a}ri, {Cs}.},
	Journal = {Machine Learning},
	Number = {3},
	Pages = {287--308},
	Title = {Convergence Results for Single-Step On-Policy Reinforcement-Learning Algorithms},
	Volume = {38},
	Year = {2000}}

@article{SpJaWi10,
	Author = {Sperrin, M. and Jaki, T. and Wit, E.},
	Journal = {Statistics and Computing},
	Pages = {357--366},
	Title = {Probabilistic relabelling strategies for the label switching problem in {B}ayesian mixture models},
	Volume = {20},
	Year = {2010}}

@article{SMSW01,
	Author = {Smola, A.J. and Mika, S. and Sch\"{o}lkopf, B. and Williamson, R.C.},
	Journal = {Journal of Machine Learning Research},
	Pages = {179--209},
	Title = {Regularized principal manifolds},
	Volume = {1},
	Year = {2001}}

@inproceedings{SoMa05,
	Author = {Sochman, J. and Matas, J.},
	Booktitle = {IEEE Conference on Computer Vision and Pattern Recognition (CVPR)},
	Numpages = {7},
	Pages = {150--156},
	Title = {{WaldBoost} -- Learning for Time Constrained Sequential Detection},
	Year = {2005}}

@misc{Sok96,
	Author = {Sokal, A.D.},
	Note = {Lecture notes at the Carg\`{e}se summer school},
	Title = {Monte {C}arlo Methods in Statistical Mechanics: Foundations and new algorithms},
	Year = {1996}}

@inproceedings{SrReJa05,
	Author = {Srebro, N. and Rennie, J. D. M. and Jaakkola, T.},
	Booktitle = {Advances in Neural Information Processing Systems},
	Pages = {1329--1336},
	Publisher = {The MIT Press},
	Title = {Maximum margin matrix factorization},
	Volume = {17},
	Year = {2005}}

@inproceedings{SrKrKaSe10,
	Author = {Srinivas, N. and Krause, A. and Kakade, S. and Seeger, M.},
	Booktitle = {Proceedings of the 27th International Conference on Machine Learning},
	Title = {Gaussian Process Optimization in the Bandit Setting: No Regret and Experimental Design},
	Year = {2010}}

@article{Ste00,
	Author = {Stephens, M.},
	Journal = {Journal of the Royal Statistical Society, Series B},
	Pages = {795--809},
	Title = {Dealing with label switching in mixture models},
	Volume = {62},
	Year = {2000}}

@book{Sut98,
	Author = {Sutton, R.S. and Barto, A.G.},
	Publisher = {MIT Press},
	Series = {Adaptive computation and machine learning},
	Title = {Reinforcement learning: an introduction},
	Year = {1998}}

@article{Swe02,
	Author = {Sweeney, L.},
	Journal = {International Journal on Uncertainty, Fuzziness, and Knowledge-based Systems},
	Number = {5},
	Pages = {571--588},
	Title = {Achieving k-anonymity privacy protection using generalization and suppression},
	Volume = {10},
	Year = {2002}}

@book{Sze10,
	Author = {Szepesv{\'a}ri, {Cs}.},
	Publisher = {Morgan and Claypool},
	Title = {Algorithms for Reinforcement Learning},
	Year = {2010}}

@article{JEMEUSO07,
	Author = {Takizawa, Y. and Ebisuzaki, T. and Kawasaki, Y. and Sato, M. and Bertaina, M. E. and Ohmori, H. and Takahashi, Y. and Kajino, F. and Nagano, M. and Sakaki, N. and Inoue, N. and Ikeda, H. and Arai, Y. and Takahashi, Y. and Murakami, T. and Adams, James H. and {the JEM-EUSO Collaboration}},
	Journal = {Nuclear Physics B - Proceedings Supplements},
	Pages = {72--76},
	Title = {{JEM-EUSO}: {E}xtreme {U}niverse {S}pace {O}bservatory on {JEM/ISS}},
	Volume = {166},
	Year = {2007}}

@article{JEMEUSO07Short,
	Author = {{Y. Takizawa et al.}},
	Journal = {Nuclear Physics B - Proceedings Supplements},
	Pages = {72--76},
	Title = {{JEM-EUSO}: {E}xtreme {U}niverse {S}pace {O}bservatory on {JEM/ISS}},
	Volume = {166},
	Year = {2007}}

@article{TaWa03,
	Author = {Takimoto, E. and Warmuth, M. K.},
	Journal = {Journal of Machine Learning Research},
	Pages = {773-818},
	Title = {Path Kernels and Multiplicative Updates},
	Volume = {4},
	Year = {2003}}

@article{TeSiLa00,
	Author = {Tenenbaum, J. B. and de Silva, V. and C., Langford J.},
	Journal = {Science},
	Pages = {2319--2323},
	Title = {A global geometric framework for nonlinear dimensionality reduction},
	Volume = {290},
	Year = {2000}}

@inproceedings{ToMuFr04,
	Author = {Torralba, A. and Murphy, K.P. and Freeman, W.T.},
	Booktitle = {Computer Vision and Pattern Recognition, 2004. CVPR 2004. Proceedings of the 2004 IEEE Computer Society Conference on},
	Organization = {Ieee},
	Pages = {II--762},
	Title = {Sharing features: efficient boosting procedures for multiclass object detection},
	Volume = {2},
	Year = {2004}}

@inproceedings{Tu05,
	Author = {Tu, Z.},
	Booktitle = {Computer Vision, 2005. ICCV 2005. Tenth IEEE International Conference on},
	Organization = {IEEE},
	Pages = {1589--1596},
	Title = {Probabilistic boosting-tree: Learning discriminative models for classification, recognition, and clustering},
	Volume = {2},
	Year = {2005}}

@article{TuBoRuTo09,
	Author = {Tuv, E. and Borisov, A. and Runger, G. and Torkkola, K.},
	Journal = {Journal of Machine Learning Research},
	Pages = {1341--1366},
	Title = {Feature Selection with Ensembles, Artificial Variables, and Redundancy Elimination},
	Volume = {10},
	Year = {2009}}

@article{Val84,
	Author = {Valiant, L.},
	Journal = {Communications of the ACM},
	Number = {11},
	Pages = {1134--1142},
	Title = {A theory of the learnable},
	Volume = {27},
	Year = {1984}}

@inproceedings{VaJiZhMa09,
	Author = {Valizadegan, H. and Jin, R. and Zhang, R. and Mao, J.},
	Booktitle = {Advances in Neural Information Processing Systems 22},
	Pages = {1883--1891},
	Title = {Learning to Rank by Optimizing {NDCG} Measure},
	Year = {2009}}

@book{Vap82,
	Address = {New York},
	Author = {Vapnik, V. N.},
	Publisher = {Springer-Verlag},
	Title = {Estimation of Dependencies Based on Empirical Data},
	Year = {1982}}

@book{Vap95,
	Address = {New York},
	Author = {Vapnik, V. N.},
	Publisher = {Springer-Verlag},
	Title = {The Nature of Statistical Learning Theory},
	Year = {1995}}

@book{Vap98,
	Address = {New York},
	Author = {Vapnik, V. N.},
	Publisher = {Wiley},
	Title = {Statistical Learning Theory},
	Year = {1998}}

@phdthesis{Vaz05,
	Address = {Orsay, France},
	Author = {Vazquez, E.},
	School = {Univ Paris {XI}},
	Title = {Mod\'elisation comportementale de syst\`emes non-lin\'eaires multivariables par m\'ethodes \`a noyaux et applications},
	Url1 = {PDFs/Vaz05},
	Year = {2005}}

@article{VeLa02,
	Abstract = {Bayesian hyperparameter optimization.},
	Author = {Vehtari, A. and Lampinen, J.},
	Journal = {Neural Computation},
	Number = {10},
	Pages = {2339--2468},
	Title = {Bayesian Model Assessment and Comparison Using Cross-Validation Predictive Densities},
	Url1 = {PDFs/VeLa02.pdf},
	Volume = {14},
	Year = {2002}}

@article{VBFPST04,
	Author = {Verykios, V. S. and Bertino, E. and Fovino, I. N. and Provenza, L. P. and Saygin, Y. and Theodoridis, Y.},
	Journal = {SIGMOD Record},
	Number = {1},
	Pages = {50--57},
	Title = {State-of-the-art in privacy preserving data mining},
	Volume = {3},
	Year = {2004}}

@article{ViJo01,
	Author = {Viola, P. and Jones, M.},
	Journal = {International Journal of Computer Vision},
	Pages = {137--154},
	Title = {Robust Real-time Face Detection},
	Volume = {57},
	Year = {2004}}

@article{ViJo01b,
	Author = {Viola, P. and Jones, M.},
	Journal = {Proc. of NIPS01},
	Title = {Fast and robust classification using asymmetric adaboost and a detector cascade},
	Year = {2001}}

@inproceedings{ViPlZh05,
	Author = {Viola, P. and Platt, J. and C., Zhang},
	Booktitle = {Advances in Neural Information Processing Systems},
	Pages = {1417--1424.},
	Title = {Multiple Instance Boosting for Object Detection},
	Volume = {18},
	Year = {2006}}

@article{VaCh71,
	Author = {Vapnik, V. N. and Chervonenkis, A. Ya.},
	Journal = {Theory of Probability and its Applications},
	Pages = {264--280},
	Title = {On the uniform convergence of relative frequencies of events to their probabilities},
	Volume = {16},
	Year = {1971}}

@inproceedings{ViVaWa07,
	Author = {Villemonteix, J. and Vazquez, E. and Walter, E.},
	Booktitle = {Proceedings of the 46th IEEE Conference on Decision and Control},
	Title = {Identification of expensive-to-simulate parametric models using Kriging and Stepwise Uncertainty Reduction},
	Url1 = {PDFs/ViVaWa07.pdf},
	Year = {2007}}

@article{ViVaWa06,
	Author = {Villemonteix, J. and Vazquez, E. and Walter, E.},
	Journal = {Journal of Global Optimization},
	Title = {An informational approach to the global optimization of expensive-to-evaluate functions},
	Url1 = {PDFs/ViVaWa06.pdf},
	Year = {2006}}

@inproceedings{VVSW08,
	Author = {Vazquez, E. and Villemonteix, J. and Sidorkiewicz, M. and Walter, E.},
	Booktitle = {Proceedings of the 6th International Conference on Inverse Problems in Engineering: Theory and Practice},
	Title = {Global optimization based on noisy evaluations: an empirical study of two statistical approaches},
	Url1 = {PDFs/VVSW08.pdf},
	Year = {2008}}

@article{VVSW08a,
	Author = {Villemonteix, J. and Vazquez, E. and Sidorkiewicz, M. and Walter, E.},
	Journal = {Journal of Global Optimization},
	Title = {Global optimization of expensive-to-evaluate functions: an empirical comparison of two sampling criteria},
	Url1 = {PDFs/VVSW08a.pdf},
	Year = {2008}}

@article{VLLBM10,
	Author = {Vincent, P. and Larochelle, H. and Lajoie, I. and Bengio, Y. and P., Manzagol},
	Journal = {Journal of Machine Learning Research},
	Pages = {3371--3408},
	Title = {Stacked Denoising Autoencoders: Learning Useful Representations in a Deep Network with a Local Denoising Criterion},
	Volume = {11},
	Year = {2010}}

@article{Vih11,
	Author = {Vihola, M.},
	Journal = {Electronic Journal of Probability},
	Pages = {45--75},
	Title = {Can the Adaptive {M}etropolis Algorithm Collapse Without the Covariance Lower Bound?},
	Volume = {16},
	Year = {2011}}

@inproceedings{VoDa04,
	Author = {Von Ahn, L. and Dabbish, L.},
	Booktitle = {Conference on Human factors in computing systems (CHI04)},
	Pages = {319--326},
	Title = {Labeling images with a computer game},
	Year = {2004}}

@article{Von06,
	Author = {Von Ahn, L.},
	Journal = {Computer},
	Number = {6},
	Title = {Games with a Purpose},
	Volume = {39},
	Year = {2006}}

@article{WaDa92,
	Author = {Watkins, C. J. C. H. and Dayan, P.},
	Journal = {Machine Learning},
	Number = {3},
	Pages = {279--292},
	Priority = {2},
	Title = {{Q}-Learning},
	Volume = {8},
	Year = {1992}}

@inproceedings{Wei99,
	Author = {Weiss, Y.},
	Booktitle = {Proceedings of IEEE International Conference on Computer Vision},
	Pages = {975--982},
	Title = {Segmentation using eigenvectors: a unifying view},
	Year = {1999}}

@inproceedings{WeZeHi02,
	Author = {Welling, M. and Zemel, R. S. and Hinton, G. E.},
	Booktitle = {Advances in Neural Information Processing Systems},
	Title = {Self supervised boosting},
	Volume = {15},
	Year = {2003}}

@inproceedings{WSPS08,
	Author = {Wierstra, D. and T., Schaul. and Peters, J. and Schmidhuber, J.},
	Booktitle = {Proceedings of IEEE Congress on Evolutionary Computation},
	Title = {Exponential Natural Evolution Strategies},
	Year = {2008}}

@inproceedings{WiHo60,
	Author = {Widrow, B. and Hoff, M. E.},
	Booktitle = {1960 {IRE} {WESCON} Convention Record},
	Pages = {96--104},
	Title = {{A}daptive {S}witching {C}ircuits},
	Volume = {4},
	Year = {1960}}

@article{WiCr99,
	Author = {Wikle, C.K. and Cressie, N.},
	Journal = {Biometrika},
	Number = {86},
	Pages = {815--829},
	Publisher = {Springer},
	Title = {A dimension-reduced approach to space-time {K}alman filtering},
	Volume = {4},
	Year = {1999}}

@article{Wil92,
	Author = {Williams, R.J.},
	Journal = {Machine Learning},
	Number = {3},
	Pages = {229--256},
	Publisher = {Springer},
	Title = {Simple statistical gradient-following algorithms for connectionist reinforcement learning},
	Volume = {8},
	Year = {1992}}

@inbook{Wil05,
	Author = {Wilkinson, J. D.},
	Booktitle = {Handbook of Parallel Computing and Statistics},
	Chapter = {16},
	Pages = {481-512},
	Publisher = {CRC Press},
	Title = {Parallel {B}ayesian Computation},
	Year = {2006}}

@book{WiFr05,
	Author = {Witten, I.H. and Frank, E.},
	Publisher = {Morgan Kaufmann},
	Title = {Data Mining: Practical Machine Learning Tools and Techniques},
	Year = {2005}}

@article{WKBCCFSR09,
	Author = {Wraith, D. and Kilbinger, M. and Benabed, K. and Capp\'e, O. and Cardoso, J.-F. and Fort, G. and Prunet, S. and Robert, C. P.},
	Journal = {Phys. Rev. D},
	Number = {2},
	Title = {Estimation of cosmological parameters using adaptive importance sampling},
	Volume = {80},
	Year = {2009}}

@inproceedings{WAHL04,
	Author = {Wu, B. and Ai, H. and Huang, C. and Lao, S.},
	Booktitle = {Automatic Face and Gesture Recognition, 2004. Proceedings. Sixth IEEE International Conference on},
	Organization = {Ieee},
	Pages = {79--84},
	Title = {Fast rotation invariant multi-view face detection based on real adaboost},
	Year = {2004}}

@inproceedings{WuMuRe05,
	Author = {Wu, J. and Mullin, M.D. and Rehg, J.M.},
	Booktitle = {Proceedings of the 22nd international conference on Machine learning},
	Organization = {ACM},
	Pages = {988--995},
	Title = {Linear asymmetric classifier for cascade detectors},
	Year = {2005}}

@article{WuReMu03,
	Author = {Wu, J. and Rehg, J.M. and Mullin, M.D.},
	Publisher = {Georgia Institute of Technology},
	Title = {Learning a rare event detection cascade by direct feature selection},
	Year = {2003}}

@article{WBSG10,
	Author = {Wu, Q. and Burges, C. J. C. and Svore, K. M. and Gao, J.},
	Journal = {Inf. Retr.},
	Number = {3},
	Pages = {254-270},
	Title = {Adapting boosting for information retrieval measures},
	Volume = {13},
	Year = {2010}}

@article{WuLiWe04,
	Author = {Wu, T.F. and Lin, C.J. and Weng, R.C.},
	Journal = {Journal of Machine Learning Research},
	Pages = {975--1005},
	Title = {Probability estimates for multi-class classification by pairwise coupling},
	Volume = {5},
	Year = {2004}}

@inproceedings{XiXiRaSc09,
	Author = {Xi, Y. T. and Xiang, Z. J. and Ramadge, P. J. and Schapire, R. E.},
	Booktitle = {12th International Conference on Artificial Intelligence and Statistics {(AISTATS)}},
	Pages = {615--622},
	Title = {Speed and sparsity of regularized boosting},
	Volume = {5},
	Year = {2009}}

@article{XiLiZh04,
	Author = {Xiao, R. and Li, M.J. and Zhang, H.J.},
	Journal = {Circuits and Systems for Video Technology, IEEE Transactions on},
	Number = {1},
	Pages = {31--41},
	Publisher = {IEEE},
	Title = {Robust multipose face detection in images},
	Volume = {14},
	Year = {2004}}

@inproceedings{XiZhZhHo03,
	Author = {Xiao, R. and Zhu, L. and Zhang, H. J.},
	Booktitle = {Ninth IEEE International Conference on Computer Vision},
	Pages = {709--715},
	Title = {Boosting Chain Learning for Object Detection},
	Volume = {9},
	Year = {2003}}

@inproceedings{XuLi07,
	Author = {Xu, J. and Li, H.},
	Booktitle = {{SIGIR '07}: Proceedings of the 30th annual international ACM SIGIR conference on Research and development in information retrieval},
	Pages = {391--398},
	Publisher = {ACM},
	Title = {{AdaRank}: a boosting algorithm for information retrieval},
	Year = {2007}}

@article{XuWeCh12,
	Author = {Xu, Z. and Weinberger, K. and Chapelle, O.},
	Journal = {Arxiv preprint arXiv:1206.6451},
	Title = {The Greedy Miser: Learning under Test-time Budgets},
	Year = {2012}}

@inproceedings{Yao86,
	Author = {Yao, A. C.},
	Booktitle = {Proceedings of the 27th IEEE Symposium on Foundations of Computer Science},
	Pages = {162--167},
	Title = {How to generate and exchange secrets},
	Year = {1986}}

@inproceedings{YuJiVa06,
	Author = {Yu, H. and Jiang, X. and Vaidya, J.},
	Booktitle = {Proceedings of the 21st Annual ACM Symposium on Applied Computing},
	Pages = {603--610},
	Title = {Privacy-preserving {SVM} using nonlinear kernels on horizontally partitioned data},
	Year = {2006}}

@inproceedings{ZeMeGo08,
	Author = {Zehnder, P. and Meier, E.K. and Gool, LJV},
	Booktitle = {British Machine Vision Conf},
	Title = {An efficient shared multi-class detection cascade},
	Year = {2008}}

@inproceedings{ZePi01,
	Author = {Zemel, R. S. and Pitassi, T.},
	Booktitle = {Advances in Neural Information Processing Systems},
	Pages = {696--702},
	Title = {A gradient-based boosting algorithm for regression problems},
	Volume = {13},
	Year = {2001}}

@misc{ZhVi11,
	Author = {Zhang, C. and Viola, P.},
	Month = aug # {~30},
	Note = {US Patent 8,010,471},
	Publisher = {Google Patents},
	Title = {Multiple-instance pruning for learning efficient cascade detectors},
	Year = {2011}}

@inproceedings{ZhWaZh05,
	Author = {Zhang, N. and Wang, S. and Zhao, W.},
	Booktitle = {Proceedings of the 11th ACM SIGKDD International Conference on Knowledge Discovery and Data Mining},
	Pages = {374--383},
	Title = {A new scheme on privacy-preserving data classification},
	Year = {2005}}

@techreport{ZhZh09,
	Author = {Zhang, C. and Zhang, Z.},
	Institution = {Citeseer},
	Title = {Winner-take-all multiple category boosting for multi-view face detection},
	Year = {2009}}

@techreport{ZhZh10,
	Author = {Zhang, C. and Zhang, Z.},
	Institution = {Microsoft Research},
	Title = {A survey of recent advances in face detection},
	Year = {2010}}

@inproceedings{RoGoBa11,
	Author = {Ross, S. and Gordon, G. and Bagnell, J. A.},
	Booktitle = {Proceedings of the 14th International Conference on Artifical Intelligence and Statistics (AISTATS)},
	Month = {April},
	Title = {A Reduction of Imitation Learning and Structured Prediction to No-Regret Online Learning},
	Year = {2011}}

@inproceedings{GaKo11,
	Author = {Gao, T. and Koller, D.},
	Bibsource = {DBLP, http://dblp.uni-trier.de},
	Booktitle = {NIPS},
	Crossref = {DBLP:conf/nips/2011},
	Date-Modified = {2013-03-05 11:30:17 +0100},
	Ee = {http://books.nips.cc/papers/files/nips24/NIPS2011_0647.pdf},
	Pages = {1062-1070},
	Title = {Active Classification based on Value of Classifier},
	Year = {2011}}
