% ------------------------------------------------------------------------
% SAMPLE BIBLIOGRAPHY FILE
% ------------------------------------------------------------------------

@article{folgoc2021mc,
  title={Is MC Dropout Bayesian?},
  author={Folgoc, Loic Le and Baltatzis, Vasileios and Desai, Sujal and Devaraj, Anand and Ellis, Sam and Manzanera, Octavio E Martinez and Nair, Arjun and Qiu, Huaqi and Schnabel, Julia and Glocker, Ben},
  journal={arXiv preprint arXiv:2110.04286},
  year={2021}
}

@article{rue2009approximate,
  title={{Approximate Bayesian inference for latent Gaussian models by using integrated nested Laplace approximations}},
  author={Rue, H{\aa}vard and Martino, Sara and Chopin, Nicolas},
  journal={Journal of the royal statistical society: Series b (statistical methodology)},
  volume={71},
  number={2},
  pages={319--392},
  year={2009},
  publisher={Wiley Online Library}
}


@article{hayou2022infinite-depth,
	author = {Hayou, Soufiane},
	copyright = {Creative Commons Attribution 4.0 International},
	date-added = {2022-10-25 11:28:54 +0200},
	date-modified = {2022-10-25 11:29:12 +0200},
	doi = {10.48550/ARXIV.2210.00688},
	keywords = {Machine Learning (stat.ML), Machine Learning (cs.LG), Probability (math.PR), FOS: Computer and information sciences, FOS: Computer and information sciences, FOS: Mathematics, FOS: Mathematics},
	publisher = {arXiv},
	title = {On the infinite-depth limit of finite-width neural networks},
	url = {https://arxiv.org/abs/2210.00688},
	year = {2022},
	bdsk-url-1 = {https://arxiv.org/abs/2210.00688},
	bdsk-url-2 = {https://doi.org/10.48550/ARXIV.2210.00688}}


@article{de2017programming,
  title={{Programming with models: writing statistical algorithms for general model structures with NIMBLE}},
  author={de Valpine, Perry and Turek, Daniel and Paciorek, Christopher J and Anderson-Bergman, Clifford and Lang, Duncan Temple and Bodik, Rastislav},
  journal={Journal of Computational and Graphical Statistics},
  volume={26},
  number={2},
  pages={403--413},
  year={2017},
  publisher={Taylor \& Francis}
}

@article{blei2017variational,
  title={Variational inference: A review for statisticians},
  author={Blei, David M and Kucukelbir, Alp and McAuliffe, Jon D},
  journal={Journal of the American Statistical Association},
  volume={112},
  number={518},
  pages={859--877},
  year={2017},
}

@article{li2015stochastic,
  title={Stochastic expectation propagation},
  author={Li, Yingzhen and Hern{\'a}ndez-Lobato, Jos{\'e} Miguel and Turner, Richard E},
  journal={Advances in Neural Information Processing Systems},
  year={2015}
}


@article{kohler2021rate,
  title={On the rate of convergence of fully connected deep neural network regression estimates},
  author={Kohler, Michael and Langer, Sophie},
  journal={The Annals of Statistics},
  volume={49},
  number={4},
  pages={2231--2249},
  year={2021},
}

@article{cherief2020convergence,
  title={Convergence rates of variational inference in sparse deep learning},
  author={Ch{\'e}rief-Abdellatif, Badr-Eddine},
  journal={International Conference on Machine Learning},
  year={2020},
}

@inproceedings{suzuki2018adaptivity,
  title={Adaptivity of deep {ReLU} network for learning in {B}esov and mixed smooth {B}esov spaces: optimal rate and curse of dimensionality},
  author={Suzuki, Taiji},
  booktitle={International Conference on Learning Representations},
  year={2018}
}

@rticle{franssen2022uncertaintyBNN,
	author = {Franssen, Stefan and Szab{\'o}, Botond},
	title = {Uncertainty Quantification for nonparametric regression using Empirical Bayesian neural networks},
	journal={arXiv preprint arXiv:2204.12735},
	year = {2022},
	}


@inproceedings{vladimirova2019bayesian,
  title={Understanding priors in {B}ayesian neural networks at the unit level},
  author={Vladimirova, Mariia and Verbeek, Jakob and Mesejo, Pablo and Arbel, Julyan},
  booktitle={International Conference on Machine Learning},
  year={2019},
}

@article{vladimirova2020sub,
  title={Sub-{W}eibull distributions: Generalizing sub-{G}aussian and sub-Exponential properties to heavier tailed distributions},
  author={Vladimirova, Mariia and Girard, St{\'e}phane and Nguyen, Hien and Arbel, Julyan},
  journal={Stat},
  volume={9},
  number={1},
  pages={e318},
  year={2020},
  publisher={Wiley Online Library}
}

@inproceedings{vladimirova2021generalized,
  title={Generalized {W}eibull-tail distributions},
  author={Vladimirova, Mariia and Arbel, Julyan and Girard, St{\'e}phane},
  booktitle={JDS 2021: 52{\`e}mes Journ{\'e}es de Statistique de la Soci{\'e}t{\'e} Fran{\c{c}}aise de Statistique (SFdS)},
  year={2021}
}

@inproceedings{vladimirova2021bayesian,
  title={Bayesian neural network unit priors and generalized {W}eibull-tail property},
  author={Vladimirova, Mariia and Arbel, Julyan and Girard, St{\'e}phane},
  booktitle={Asian Conference on Machine Learning},
  year={2021},
}

@inproceedings{vladimirova2021dependence,
  title={Dependence between {B}ayesian neural network units},
  author={Vladimirova, Mariia and Arbel, Julyan and Girard, St{\'e}phane},
  booktitle={{NeurIPS} Workshop on {B}ayesian Deep Learning},
  year={2021},
}

@article{cui2021informative,
  title={{Informative Bayesian Neural Network Priors for Weak Signals}},
  author={Cui, Tianyu and Havulinna, Aki and Marttinen, Pekka and Kaski, Samuel},
  journal={Bayesian Analysis},
  volume={1},
  number={1},
  pages={1--31},
  year={2021},
  publisher={International Society for Bayesian Analysis}
}

@article{amodei2016concrete,
  title={Concrete problems in {AI} safety},
  author={Amodei, Dario and Olah, Chris and Steinhardt, Jacob and Christiano, Paul and Schulman, John and Man{\'e}, Dan},
  journal={arXiv preprint arXiv:1606.06565},
  year={2016}
}

@book{billingsley1986probability,
  title={Probability and Measure},
  author={Billingsley, Patrick},
  year={1986},
  publisher={John Wiley \& Sons}
}

@article{mnih2015human,
  title={Human-level control through deep reinforcement learning},
  author={Mnih, Volodymyr and Kavukcuoglu, Koray and Silver, David and Rusu, Andrei A and Veness, Joel and Bellemare, Marc G and Graves, Alex and Riedmiller, Martin and Fidjeland, Andreas K and Ostrovski, Georg},
  journal={Nature},
  volume={518},
  number={7540},
  pages={529--533},
  year={2015},
}


@inproceedings{rockova2018posterior,
  title={Posterior concentration for sparse deep learning},
  author={Polson, Nicolas and Rockova, Veronika},
  booktitle={Advances in Neural Information Processing Systems},
  year={2018}
}

@article{schmidt2017nonparametric,
  title={Nonparametric regression using deep neural networks with {ReLU} activation function},
  author={Schmidt-Hieber, Johannes},
  journal={Annals of Statistics},
  volume={48},
  number={4},
  year={2020}
}

@article{szabo2015frequentist,
  title={Frequentist coverage of adaptive nonparametric {B}ayesian credible sets},
  author={Szab{\'o}, Botond and van der Vaart, Aad W and van Zanten, JH},
  journal={The Annals of Statistics},
  volume={43},
  number={4},
  pages={1391--1428},
  year={2015},
}

@article{hadji2021can,
  title={Can we trust {B}ayesian uncertainty quantification from {G}aussian process priors with squared exponential covariance kernel?},
  author={Hadji, Amine and Szab{\'o}, Botond},
  journal={Journal on Uncertainty Quantification},
  volume={9},
  number={1},
  pages={185--230},
  year={2021},
}

@article{van2017uncertainty,
  title={Uncertainty quantification for the horseshoe (with discussion)},
  author={Van der Pas, St{\'e}phanie and Szab{\'o}, Botond and Van der Vaart, Aad},
  journal={Bayesian Analysis},
  volume={12},
  number={4},
  pages={1221--1274},
  year={2017},
}

@inproceedings{guo2017calibration,
  title={On calibration of modern neural networks},
  author={Guo, Chuan and Pleiss, Geoff and Sun, Yu and Weinberger, Kilian Q},
  booktitle={International Conference on Machine Learning},
  year={2017},
}

@inproceedings{hein2019relu,
  title={Why {ReLU} networks yield high-confidence predictions far away from the training data and how to mitigate the problem},
  author={Hein, Matthias and Andriushchenko, Maksym and Bitterwolf, Julian},
  booktitle={Computer Vision and Pattern Recognition},
  year={2019}
}

@inproceedings{he2016deep,
  title={Deep residual learning for image recognition},
  author={He, Kaiming and Zhang, Xiangyu and Ren, Shaoqing and Sun, Jian},
  booktitle={Computer Vision and Pattern Recognition},
  year={2016}
}

@book{robert2007bayesian,
  title={The {B}ayesian choice: from decision-theoretic foundations to computational implementation},
  author={Robert, Christian},
  year={2007},
  publisher={Springer Science \& Business Media}
}


@article{dandekar2020bayesian,
  title={Bayesian neural ordinary differential equations},
  author={Dandekar, Raj and Chung, Karen and Dixit, Vaibhav and Tarek, Mohamed and Garcia-Valadez, Aslan and Vemula, Krishna Vishal and Rackauckas, Chris},
  journal={arXiv preprint arXiv:2012.07244},
  year={2020}
}

@inproceedings{flam2017mapping,
  title={Mapping {G}aussian process priors to {B}ayesian neural networks},
  author={Flam-Shepherd, Daniel and Requeima, James and Duvenaud, David},
  booktitle={NeurIPS Workshop on Bayesian Deep Learning},
  year={2017}
}

@inproceedings{flam2018characterizing,
  title={Characterizing and warping the function space of {B}ayesian neural networks},
  author={Flam-Shepherd, Daniel and Requeima, James and Duvenaud, David},
  booktitle={NeurIPS Workshop on Bayesian Deep Learning},
  year={2018}
}

@article{antognini2019finite,
  title={Finite size corrections for neural network {G}aussian processes},
  author={Antognini, Joseph M},
  journal={ICML Workshop on Theoretical Physics for Deep Learning},
  year={2019}
}

@inproceedings{dyer2020asymptotics,
  title={Asymptotics of Wide Networks from {F}eynman Diagrams},
  author={Dyer, Ethan and Gur-Ari, Guy},
  booktitle={International Conference on Learning Representations},
  year={2020}
}

@article{tran2020all,
  title={All you need is a good functional prior for {B}ayesian deep learning},
  author={Tran, Ba-Hien and Rossi, Simone and Milios, Dimitrios and Filippone, Maurizio},
  journal={arXiv preprint arXiv:2011.12829},
  year={2020}
}

@article{matsubara2021ridgelet,
  title={The {R}idgelet prior: A covariance function approach to prior specification for {B}ayesian neural networks},
  author={Matsubara, Takuo and Oates, Chris J and Briol, Fran{\c{c}}ois-Xavier},
  journal={The Journal of Machine Learning Research},
  volume={22},
  pages={1--57},
  year={2021}
}

@article{liu2020gaussian,
  title={When {G}aussian process meets big data: A review of scalable {GP}s},
  author={Liu, Haitao and Ong, Yew-Soon and Shen, Xiaobo and Cai, Jianfei},
  journal={IEEE Transactions on Neural Networks and Learning Systems},
  volume={31},
  number={11},
  pages={4405--4423},
  year={2020},
}

@article{xu2021infinitely,
  title={Infinitely deep {B}ayesian neural networks with stochastic differential equations},
  author={Xu, Winnie and Chen, Ricky TQ and Li, Xuechen and Duvenaud, David},
  journal={arXiv preprint arXiv:2102.06559},
  year={2021}
}

@article{yildiz2019ode2vae,
  title={{ODE2VAE}: Deep generative second order {ODE}s with {B}ayesian neural networks},
  author={Yildiz, Cagatay and Heinonen, Markus and L{\"a}hdesm{\"a}ki, Harri},
  journal={Advances in Neural Information Processing Systems},
  year={2019}
}

@article{lee2017training,
  title={Training confidence-calibrated classifiers for detecting out-of-distribution samples},
  author={Lee, Kimin and Lee, Honglak and Lee, Kibok and Shin, Jinwoo},
  journal={International Conference on Learning Representations},
  year={2018}
}

@article{mitros2019validity,
  title={On the validity of {B}ayesian neural networks for uncertainty estimation},
  author={Mitros, John and Mac Namee, Brian},
  journal={arXiv preprint arXiv:1912.01530},
  year={2019}
}

@article{ovadia2019can,
  title={Can you trust your model's uncertainty? {E}valuating predictive uncertainty under dataset shift},
  author={Ovadia, Yaniv and Fertig, Emily and Ren, Jie and Nado, Zachary and Sculley, David and Nowozin, Sebastian and Dillon, Joshua V and Lakshminarayanan, Balaji and Snoek, Jasper},
  journal={Advances in Neural Information Processing Systems},
  year={2019}
}

@article{gawlikowski2021survey,
  title={A survey of uncertainty in deep neural networks},
  author={Gawlikowski, Jakob and Tassi, Cedrique Rovile Njieutcheu and Ali, Mohsin and Lee, Jongseok and Humt, Matthias and Feng, Jianxiang and Kruspe, Anna and Triebel, Rudolph and Jung, Peter and Roscher, Ribana},
  journal={arXiv preprint arXiv:2107.03342},
  year={2021}
}

@inproceedings{kristiadi2020being,
  title={Being {B}ayesian, even just a bit, fixes overconfidence in {ReLU} networks},
  author={Kristiadi, Agustinus and Hein, Matthias and Hennig, Philipp},
  booktitle={International Conference on Machine Learning},
  pages={5436--5446},
  year={2020},
}

@article{jospin2020hands,
  title={Hands-on {B}ayesian Neural Networks--a Tutorial for Deep Learning Users},
  author={Jospin, Laurent Valentin and Buntine, Wray and Boussaid, Farid and Laga, Hamid and Bennamoun, Mohammed},
  journal={arXiv preprint arXiv:2007.06823},
  year={2020}
}


@article{belkin2019reconciling,
  title={Reconciling modern machine-learning practice and the classical bias--variance trade-off},
  author={Belkin, Mikhail and Hsu, Daniel and Ma, Siyuan and Mandal, Soumik},
  journal={National Academy of Sciences},
  volume={116},
  number={32},
  pages={15849--15854},
  year={2019},
}

@inproceedings{du2019gradient,
  title={Gradient descent finds global minima of deep neural networks},
  author={Du, Simon and Lee, Jason and Li, Haochuan and Wang, Liwei and Zhai, Xiyu},
  booktitle={International Conference on Machine Learning},
  year={2019},
}

@article{lee2019wide,
  title={Wide neural networks of any depth evolve as linear models under gradient descent},
  author={Lee, Jaehoon and Xiao, Lechao and Schoenholz, Samuel and Bahri, Yasaman and Novak, Roman and Sohl-Dickstein, Jascha and Pennington, Jeffrey},
  journal={Advances in Neural Information Processing Systems},
  volume={32},
  pages={8572--8583},
  year={2019}
}

@inproceedings{yaida2020non,
  title={Non-{G}aussian processes and neural networks at finite widths},
  author={Yaida, Sho},
  booktitle={Mathematical and Scientific Machine Learning},
  year={2020},
}

@inproceedings{ulyanov2018deep,
  title={Deep image prior},
  author={Ulyanov, Dmitry and Vedaldi, Andrea and Lempitsky, Victor},
  booktitle={Computer Vision and Pattern Recognition},
  year={2018}
}

@article{lu2019dying,
  title={Dying {ReLU} and initialization: Theory and numerical examples},
  author={Lu, Lu and Shin, Yeonjong and Su, Yanhui and Karniadakis, George Em},  
  journal={Communications in Computational Physics},
  volume={28},
  number={5},
  pages={1671--1706},
  year={2020}
}

@article{foong2020expressiveness,
  title={On the expressiveness of approximate inference in {B}ayesian neural networks},
  author={Foong, Andrew YK and Burt, David R and Li, Yingzhen and Turner, Richard E},
  journal={Advances in Neural Information Processing Systems},
  year={2020}
}

@inproceedings{novak2020bayesian,
  title={Bayesian Deep Convolutional Networks with Many Channels are {G}aussian Processes},
  author={Novak, Roman and Xiao, Lechao and Bahri, Yasaman and Lee, Jaehoon and Yang, Greg and Hron, Jiri and Abolafia, Daniel A and Pennington, Jeffrey and Sohl-dickstein, Jascha},
  booktitle={ICML Workshop on Uncertainty and Robustness in Deep Learning},
  year={2020}
}

@article{khan2021knowledge,
  title={Knowledge-Adaptation Priors},
  author={Khan, Mohammad Emtiyaz and Swaroop, Siddharth},
  journal={Advances in Neural Information Processing Systems},
  year={2021}
}

@article{zhang2017understanding,
  title={Understanding deep learning requires rethinking generalization},
  author={Zhang, Chiyuan and Bengio, Samy and Hardt, Moritz and Recht, Benjamin and Vinyals, Oriol},
  journal={International Conference on Learning Representations},
  year={2017}
}

@article{zhang2021understanding,
  title={Understanding deep learning (still) requires rethinking generalization},
  author={Zhang, Chiyuan and Bengio, Samy and Hardt, Moritz and Recht, Benjamin and Vinyals, Oriol},
  journal={Communications of the ACM},
  volume={64},
  number={3},
  pages={107--115},
  year={2021},
}


@inproceedings{garriga2019deep,
  title={Deep Convolutional Networks as shallow {G}aussian Processes},
  author={Garriga-Alonso, Adri{\`a} and Rasmussen, Carl Edward and Aitchison, Laurence},
  booktitle={International Conference on Learning Representations},
  year={2019}
}

@inproceedings{arora2019exact,
  title={On exact computation with an infinitely wide neural net},
  author={Arora, Sanjeev and Du, Simon S and Hu, Wei and Li, Zhiyuan and Salakhutdinov, Ruslan and Wang, Ruosong},
  booktitle={Advances in Neural Information Processing Systems},
  year={2019}
}

@inproceedings{huang2020dynamics,
  title={Dynamics of deep neural networks and neural tangent hierarchy},
  author={Huang, Jiaoyang and Yau, Horng-Tzer},
  booktitle={International Conference on Machine Learning},
  year={2020},
}

@article{soudry2018implicit,
  title={The implicit bias of gradient descent on separable data},
  author={Soudry, Daniel and Hoffer, Elad and Nacson, Mor Shpigel and Gunasekar, Suriya and Srebro, Nathan},
  journal={The Journal of Machine Learning Research},
  volume={19},
  number={1},
  pages={2822--2878},
  year={2018},
}

@article{gunasekar2018implicit,
  title={Implicit bias of gradient descent on linear convolutional networks},
  author={Gunasekar, Suriya and Lee, Jason and Soudry, Daniel and Srebro, Nathan},
  journal={In Advances in Neural Information Processing Systems},
  year={2018}
}

@article{mandt2017stochastic,
  title={Stochastic Gradient Descent as Approximate {B}ayesian Inference},
  author={Mandt, Stephan and Hoffman, Matthew D and Blei, David M},
  journal={Journal of Machine Learning Research},
  volume={18},
  pages={1--35},
  year={2017}
}

@inproceedings{adlam2020exploring,
  title={Exploring the Uncertainty Properties of Neural Networks’ Implicit Priors in the Infinite-Width Limit},
  author={Adlam, Ben and Lee, Jaehoon and Xiao, Lechao and Pennington, Jeffrey and Snoek, Jasper},
  booktitle={International Conference on Learning Representations},
  year={2020}
}

@article{naveh2020predicting,
  title={Predicting the outputs of finite networks trained with noisy gradients},
  author={Naveh, Gadi and Ben-David, Oded and Sompolinsky, Haim and Ringel, Zohar},
  journal={arXiv preprint arXiv:2004.01190},
  year={2020}
}

@article{yosinski2014transferable,
  title={How transferable are features in deep neural networks?},
  author={Yosinski, Jason and Clune, Jeff and Bengio, Yoshua and Lipson, Hod},
  journal={Advances in Neural Information Processing Systems},
  volume={27},
  pages={3320--3328},
  year={2014}
}

@book{gelman2013bayesian,
  title={Bayesian Data Analysis},
  author={Gelman, Andrew and Carlin, John B and Stern, Hal S and Dunson, David B and Vehtari, Aki and Rubin, Donald B},
  year={2013},
  publisher={CRC Press}
}


@article{mingard2021sgd,
  title={Is {SGD} a {B}ayesian sampler? {W}ell, almost},
  author={Mingard, Chris and Valle-P{\'e}rez, Guillermo and Skalse, Joar and Louis, Ard A},
  journal={Journal of Machine Learning Research},
  volume={22},
  number={79},
  pages={1--64},
  year={2021}
}

@article{yang2019tensor,
  title={Tensor Programs I: Wide Feedforward or Recurrent Neural Networks of Any Architecture are Gaussian Processes},
  author={Yang, Greg},
  journal={Advances in Neural Information Processing Systems},
  year={2019}
}

@article{hron2020exact,
  title={Exact posterior distributions of wide {B}ayesian neural networks},
  author={Hron, Jiri and Bahri, Yasaman and Novak, Roman and Pennington, Jeffrey and Sohl-Dickstein, Jascha},
  journal={ICML Workshop on Uncertainty and Robustness in Deep Learning},
  year={2020}
}

@article{nakkiran2021deep,
  title={Deep double descent: Where bigger models and more data hurt},
  author={Nakkiran, Preetum and Kaplun, Gal and Bansal, Yamini and Yang, Tristan and Barak, Boaz and Sutskever, Ilya},
  journal={Journal of Statistical Mechanics: Theory and Experiment},
  volume={2021},
  number={12},
  pages={124003},
  year={2021},
}

# universal approximators 

@article{cybenko1989approximation,
  title={Approximation by superpositions of a sigmoidal function},
  author={Cybenko, George},
  journal={Mathematics of Control, Signals and Systems},
  volume={2},
  number={4},
  pages={303--314},
  year={1989},
  publisher={Springer}
}

@article{funahashi1989approximate,
  title={On the approximate realization of continuous mappings by neural networks},
  author={Funahashi, Ken-Ichi},
  journal={Neural Networks},
  volume={2},
  number={3},
  pages={183--192},
  year={1989},
  publisher={Elsevier}
}

@article{hornik1989multilayer,
  title={Multilayer feedforward networks are universal approximators},
  author={Hornik, Kurt and Stinchcombe, Maxwell and White, Halbert},
  journal={Neural Networks},
  volume={2},
  number={5},
  pages={359--366},
  year={1989},
  publisher={Elsevier}
}

@article{barron1994approximation,
  title={Approximation and estimation bounds for artificial neural networks},
  author={Barron, Andrew R},
  journal={Machine Learning},
  volume={14},
  number={1},
  pages={115--133},
  year={1994},
  publisher={Springer}
}

@inproceedings{telgarsky2016benefits,
  title={Benefits of depth in neural networks},
  author={Telgarsky, Matus},
  booktitle={Conference on Learning Theory},
  year={2016},
}

@article{chatziafratis2020depth,
  title={Depth-width trade-offs for {ReLU} networks via {S}harkovsky's theorem},
  author={Chatziafratis, Vaggos and Nagarajan, Sai Ganesh and Panageas, Ioannis and Wang, Xiao},
  journal={International Conference on Learning Representations},
  year={2020}
}

@inproceedings{chatziafratis2020better,
  title={Better depth-width trade-offs for neural networks through the lens of dynamical systems},
  author={Chatziafratis, Vaggos and Nagarajan, Sai Ganesh and Panageas, Ioannis},
  booktitle={International Conference on Machine Learning},
  year={2020},
}


@inproceedings{lloyd2014automatic,
  title={Automatic construction and natural-language description of nonparametric regression models},
  author={Lloyd, James and Duvenaud, David and Grosse, Roger and Tenenbaum, Joshua and Ghahramani, Zoubin},
  booktitle={International Conference on Artificial Intelligence and Statistics},
  year={2014}
}

@inproceedings{sun2018differentiable,
  title={Differentiable compositional kernel learning for {G}aussian processes},
  author={Sun, Shengyang and Zhang, Guodong and Wang, Chaoqi and Zeng, Wenyuan and Li, Jiaman and Grosse, Roger},
  booktitle={International Conference on Machine Learning},
  year={2018},
}

@article{sun2019functional,
  title={Functional variational {B}ayesian neural networks},
  author={Sun, Shengyang and Zhang, Guodong and Shi, Jiaxin and Grosse, Roger},
  journal={International Conference on Learning Representations},
  year={2019}
}

@article{ashukha2020pitfalls,
  title={Pitfalls of in-domain uncertainty estimation and ensembling in deep learning},
  author={Ashukha, Arsenii and Lyzhov, Alexander and Molchanov, Dmitry and Vetrov, Dmitry},
  journal={International Conference on Learning Representations},
  year={2020}
}

@phdthesis{gal2016uncertainty,
  title={Uncertainty in deep learning},
  author={Gal, Yarin},
  year={2016},
  school={University of Cambridge}
}

@article{khan2021bayesian,
  title={The {B}ayesian learning rule},
  author={Khan, Mohammad Emtiyaz and Rue, H{\aa}vard},
  journal={arXiv preprint arXiv:2107.04562},
  year={2021}
}

@article{montavon2018methods,
  title={Methods for interpreting and understanding deep neural networks},
  author={Montavon, Gr{\'e}goire and Samek, Wojciech and M{\"u}ller, Klaus-Robert},
  journal={Digital Signal Processing},
  volume={73},
  pages={1--15},
  year={2018},
  publisher={Elsevier}
}

@article{lipton2018mythos,
  title={The Mythos of Model Interpretability: In machine learning, the concept of interpretability is both important and slippery.},
  author={Lipton, Zachary C},
  journal={Queue},
  volume={16},
  number={3},
  pages={31--57},
  year={2018},
  publisher={ACM New York, NY, USA}
}


@inproceedings{selvaraju2017grad,
  title={Grad-cam: Visual explanations from deep networks via gradient-based localization},
  author={Selvaraju, Ramprasaath R and Cogswell, Michael and Das, Abhishek and Vedantam, Ramakrishna and Parikh, Devi and Batra, Dhruv},
  booktitle={International Conference on Computer Vision},
  year={2017}
}

@article{neyshabur2015search,
  title={In search of the real inductive bias: On the role of implicit regularization in deep learning},
  author={Neyshabur, Behnam and Tomioka, Ryota and Srebro, Nathan},
  journal={International Conference on Learning Representations},
  year={2015}
}

@inproceedings{cohen2016group,
  title={Group equivariant convolutional networks},
  author={Cohen, Taco and Welling, Max},
  booktitle={International Conference on Machine Learning},
  year={2016},
}

@article{allen2019learning,
  title={Learning and generalization in overparameterized neural networks, going beyond two layers},
  author={Allen-Zhu, Zeyuan and Li, Yuanzhi and Liang, Yingyu},
  journal={Advances in Neural Information Processing Systems},
  year={2019}
}

@article{bietti2019inductive,
  title={On the inductive bias of neural tangent kernels},
  author={Bietti, Alberto and Mairal, Julien},
  journal={Advances in Neural Information Processing Systems},
  year={2019}
}

@article{bietti2019group,
  title={Group invariance, stability to deformations, and complexity of deep convolutional representations},
  author={Bietti, Alberto and Mairal, Julien},
  journal={The Journal of Machine Learning Research},
  volume={20},
  number={1},
  pages={876--924},
  year={2019},
}

@article{geirhos2019imagenet,
  title={Image{N}et-trained {CNN}s are biased towards texture; increasing shape bias improves accuracy and robustness},
  author={Geirhos, Robert and Rubisch, Patricia and Michaelis, Claudio and Bethge, Matthias and Wichmann, Felix A and Brendel, Wieland},
  journal={International Conference on Learning Representations},
  year={2019}
}

@inproceedings{vaswani2017attention,
  title={Attention is all you need},
  author={Vaswani, Ashish and Shazeer, Noam and Parmar, Niki and Uszkoreit, Jakob and Jones, Llion and Gomez, Aidan N and Kaiser, {\L}ukasz and Polosukhin, Illia},
  booktitle={Advances in Neural Information Processing Systems},
  year={2017}
}

@article{dosovitskiy2021image,
  title={An image is worth 16x16 words: Transformers for image recognition at scale},
  author={Dosovitskiy, Alexey and Beyer, Lucas and Kolesnikov, Alexander and Weissenborn, Dirk and Zhai, Xiaohua and Unterthiner, Thomas and Dehghani, Mostafa and Minderer, Matthias and Heigold, Georg and Gelly, Sylvain},
  journal={International Conference on Learning Representations},
  year={2021}
}

@article{li2021shape,
  title={Shape-texture debiased neural network training},
  author={Li, Yingwei and Yu, Qihang and Tan, Mingxing and Mei, Jieru and Tang, Peng and Shen, Wei and Yuille, Alan and Xie, Cihang},
  journal={International Conference on Learning Representations},
  year={2021}
}

@article{d2021convit,
  title={Con{V}i{T}: Improving vision transformers with soft convolutional inductive biases},
  author={d'Ascoli, St{\'e}phane and Touvron, Hugo and Leavitt, Matthew and Morcos, Ari and Biroli, Giulio and Sagun, Levent},
  journal={International Conference on Machine Learning},
  year={2021}
}

@article{morrison2021exploring,
  title={Exploring Corruption Robustness: Inductive Biases in Vision Transformers and {MLP}-Mixers},
  author={Morrison, Katelyn and Gilby, Benjamin and Lipchak, Colton and Mattioli, Adam and Kovashka, Adriana},
  journal={arXiv preprint arXiv:2106.13122},
  year={2021}
}


@article{lecun1989backpropagation,
  title={Backpropagation applied to handwritten zip code recognition},
  author={LeCun, Yann and Boser, Bernhard and Denker, John S and Henderson, Donnie and Howard, Richard E and Hubbard, Wayne and Jackel, Lawrence D},
  journal={Neural Computation},
  volume={1},
  number={4},
  pages={541--551},
  year={1989},
}



@book{Bishop1995,
 author = {Bishop, Christopher M.},
 title = {Neural Networks for Pattern Recognition},
 year = {1995},
 publisher = {Oxford University Press}
} 

@inproceedings{Krogh1991,
 author = {Krogh, Anders and Hertz, John A.},
 title = {A Simple Weight Decay Can Improve Generalization},
 booktitle = {Advances in Neural Information Processing Systems},
 year = {1991},
} 


@book{goodfellow2016deep,
	Author = {Goodfellow, Ian and Bengio, Yoshua and Courville, Aaron},
	Publisher = {MIT press},
	Title = {Deep learning},
	Year = {2016}}
	
@article{silver2016mastering,
  title={Mastering the game of {Go} with deep neural networks and tree search},
  author={Silver, David and Huang, Aja and Maddison, Chris J and Guez, Arthur and Sifre, Laurent and Van Den Driessche, George and Schrittwieser, Julian and Antonoglou, Ioannis and Panneershelvam, Veda and Lanctot, Marc},
  journal={Nature},
  volume={529},
  number={7587},
  pages={484--489},
  year={2016},
  publisher={Nature Research}
}

@inproceedings{Krizhevsky2012,
 author = {Krizhevsky, Alex and Sutskever, Ilya and Hinton, Geoffrey E.},
 title = {Image{N}et Classification with Deep Convolutional Neural Networks},
 booktitle = {Advances in Neural Information Processing Systems},
 year = {2012},
} 

@inproceedings{Graves2013,
  author    = {Alex Graves and
               Abdel{-}rahman Mohamed and
               Geoffrey E. Hinton},
  title     = {Speech recognition with deep recurrent neural networks},
  booktitle = {International Conference on Acoustics, Speech and Signal Processing},
  year      = {2013}
}

@article{rosenblatt1958perceptron,
  title={The perceptron: a probabilistic model for information storage and organization in the brain},
  author={Rosenblatt, Frank},
  journal={Psychological review},
  volume={65},
  number={6},
  pages={386},
  year={1958},
  publisher={American Psychological Association}
}

@article{rumelhart1986learning,
  title={Learning representations by back-propagating errors},
  author={Rumelhart, David E and Hinton, Geoffrey E and Williams, Ronald J},
  journal={Nature},
  volume={323},
  number={6088},
  pages={533--536},
  year={1986},
}

% first bayesian nn

@article{mackay1992practical,
  title={A practical {B}ayesian framework for backpropagation networks},
  author={MacKay, David JC},
  journal={Neural Computation},
  volume={4},
  number={3},
  pages={448--472},
  year={1992},
}

@techreport{neal1992bayesian,
  title={Bayesian training of backpropagation networks by the hybrid {M}onte {C}arlo method},
  author={Neal, Radford M},
  year={1992},
  institution={Citeseer}
}

@inproceedings{neal1993bayesian,
  title={Bayesian learning via stochastic dynamics},
  author={Neal, Radford M},
  booktitle={Advances in Neural Information Processing Systems},
  year={1993}
}

% next bayesian nn

@book{bishop1995neural,
  title={Neural networks for pattern recognition},
  author={Bishop, Christopher},
  year={1995},
  publisher={PhD thesis, Oxford University Press}
}

@inproceedings{welling2011bayesian,
  title={Bayesian learning via stochastic gradient {L}angevin dynamics},
  author={Welling, Max and Teh, Yee W},
  booktitle={International Conference on Machine Learning},
  year={2011},
}

@article{blundell2015weight,
  title={Weight uncertainty in neural networks},
  author={Blundell, Charles and Cornebise, Julien and Kavukcuoglu, Koray and Wierstra, Daan},
  journal={International Conference on Machine Learning},
  year={2015}
}






@inproceedings{matthewsgaussian,
  title={Gaussian process behaviour in wide deep neural networks},
  author={Matthews, Alexander G de G and Rowland, Mark and Hron, Jiri and Turner, Richard E and Ghahramani, Zoubin},
  booktitle={International Conference on Learning Representations},
  year={2018}
}

@inproceedings{lee2018deep,
title={Deep Neural Networks as {G}aussian Processes},
author={Jaehoon Lee and Jascha Sohl-Dickstein and Jeffrey Pennington and Roman Novak and Sam Schoenholz and Yasaman Bahri},
booktitle={International Conference on Learning Representations},
year={2018},
}



% Sklar's theorem 

@article{sklar1959fonctions,
  title={Fonctions de repartition an dimensions et leurs marges},
  author={Sklar, M},
  journal={Publications de l'Institut Statistique de l'Universit\'e de Paris},
  volume={8},
  pages={229--231},
  year={1959}
}

% CNN 

@incollection{fukushima1982neocognitron,
  title={Neocognitron: A self-organizing neural network model for a mechanism of visual pattern recognition},
  author={Fukushima, Kunihiko and Miyake, Sei},
  booktitle={Competition and Cooperation in Neural Nets},
  pages={267--285},
  year={1982},
  publisher={Springer}
}

@article{lecun1998gradient,
  title={Gradient-based learning applied to document recognition},
  author={LeCun, Yann and Bottou, L{\'e}on and Bengio, Yoshua and Haffner, Patrick},
  journal={Proceedings of the IEEE},
  volume={86},
  number={11},
  pages={2278--2324},
  year={1998},
  publisher={IEEE}
} 


@article{maeda2014bayesian,
  title={A {B}ayesian encourages dropout},
  author={Maeda, Shin-ichi},
  journal={arXiv preprint arXiv:1412.7003},
  year={2014}
}

@article{polson2017deep,
  title={Deep learning: A {B}ayesian perspective},
  author={Polson, Nicholas G and Sokolov, Vadim},
  journal={Bayesian Analysis},
  volume={12},
  number={4},
  pages={1275--1304},
  year={2017},
  publisher={International Society for Bayesian Analysis}
}

@article{der2009aleatory,
  title={Aleatory or epistemic? {D}oes it matter?},
  author={Der Kiureghian, Armen and Ditlevsen, Ove},
  journal={Structural safety},
  volume={31},
  number={2},
  pages={105--112},
  year={2009},
  publisher={Elsevier}
}

@inproceedings{bibi2018analytic,
  title={Analytic Expressions for Probabilistic Moments of {PL-DNN} with {G}aussian Input},
  author={Bibi, Adel and Alfadly, Modar and Ghanem, Bernard},
  booktitle={Computer Vision and Pattern Recognition},
  year={2018}
}

@inproceedings{molchanov2017variational,
  title={Variational dropout sparsifies deep neural networks},
  author={Molchanov, Dmitry and Ashukha, Arsenii and Vetrov, Dmitry},
  booktitle={International Conference on Machine Learning},
  year={2017}
}

@techreport{rumelhart1985learning,
  title={Learning internal representations by error propagation},
  author={Rumelhart, David E and Hinton, Geoffrey E and Williams, Ronald J},
  year={1985},
  institution={San Diego, California: Institute for Cognitive Science, University of California}
}

@article{hochreiter1997long,
  title={Long short-term memory},
  author={Hochreiter, Sepp and Schmidhuber, J{\"u}rgen},
  journal={Neural Computation},
  volume={9},
  number={8},
  pages={1735--1780},
  year={1997},
  publisher={MIT Press}
}

@inproceedings{he2016identity,
  title={Identity mappings in deep residual networks},
  author={He, Kaiming and Zhang, Xiangyu and Ren, Shaoqing and Sun, Jian},
  booktitle={European Conference on Computer Vision},
  year={2016},
}


@article{abdar2021review,
	author = {Abdar, Moloud and Pourpanah, Farhad and Hussain, Sadiq and Rezazadegan, Dana and Liu, Li and Ghavamzadeh, Mohammad and Fieguth, Paul and Cao, Xiaochun and Khosravi, Abbas and Acharya, U Rajendra },
	date-added = {2021-12-02 12:01:59 -0600},
	date-modified = {2021-12-02 12:01:59 -0600},
	journal = {Information Fusion},
	publisher = {Elsevier},
	title = {A review of uncertainty quantification in deep learning: Techniques, applications and challenges},
	year = {2021},
	}


@article{alzubaidi2021review,
  title={Review of deep learning: Concepts, {CNN} architectures, challenges, applications, future directions},
  author={Alzubaidi, Laith and Zhang, Jinglan and Humaidi, Amjad J and Al-Dujaili, Ayad and Duan, Ye and Al-Shamma, Omran and Santamar{\'\i}a, J and Fadhel, Mohammed A and Al-Amidie, Muthana and Farhan, Laith},
  journal={Journal of Big Data},
  volume={8},
  number={1},
  pages={1--74},
  year={2021},
  publisher={Springer}
}

@article{sarker2021deep,
  title={Deep learning: a comprehensive overview on techniques, taxonomy, applications and research directions},
  author={Sarker, Iqbal H},
  journal={SN Computer Science},
  volume={2},
  number={6},
  pages={1--20},
  year={2021},
  publisher={Springer}
}

@inproceedings{hron2018variational,
  title={Variational {B}ayesian dropout: pitfalls and fixes},
  author={Hron, Jiri and Matthews, Alex and Ghahramani, Zoubin},
  booktitle={International Conference on Machine Learning},
  year={2018},
}

@article{wager2013dropout,
  title={Dropout training as adaptive regularization},
  author={Wager, Stefan and Wang, Sida and Liang, Percy S},
  journal={Advances in Neural Information Processing Systems},
  year={2013}
}

@inproceedings{kingma2015variational,
  title={Variational dropout and the local reparameterization trick},
  author={Kingma, Diederik P and Salimans, Tim and Welling, Max},
  booktitle={Advances in Neural Information Processing Systems},
  year={2015}
}

@inproceedings{nalisnick2019dropout,
  title={Dropout as a structured shrinkage prior},
  author={Nalisnick, Eric and Hern{\'a}ndez-Lobato, Jos{\'e} Miguel and Smyth, Padhraic},
  booktitle={International Conference on Machine Learning},
  year={2019},
}

@inproceedings{mianjy2018implicit,
  title={On the implicit bias of dropout},
  author={Mianjy, Poorya and Arora, Raman and Vidal, Rene},
  booktitle={International Conference on Machine Learning},
  year={2018},
}

@inproceedings{nalisnick2021predictive,
  title={Predictive Complexity Priors},
  author={Nalisnick, Eric and Gordon, Jonathan and Hern{\'a}ndez-Lobato, Jos{\'e} Miguel},
  booktitle={International Conference on Artificial Intelligence and Statistics},
  year={2021}
}


@article{wilson2020case,
  title={The case for {B}ayesian deep learning},
  author={Wilson, Andrew Gordon},
  journal={arXiv preprint arXiv:2001.10995},
  year={2020}
}

% Lasso

@article{tibshirani1996regression,
  title={Regression shrinkage and selection via the {L}asso},
  author={Tibshirani, Robert},
  journal={Journal of the Royal Statistical Society. Series B (Methodological)},
  pages={267--288},
  year={1996},
}

@article{jordan1999introduction,
  title={An introduction to variational methods for graphical models},
  author={Jordan, Michael I and Ghahramani, Zoubin and Jaakkola, Tommi S and Saul, Lawrence K},
  journal={Machine Learning},
  volume={37},
  number={2},
  pages={183--233},
  year={1999},
}

@article{robbins1951stochastic,
  title={A stochastic approximation method},
  author={Robbins, Herbert and Monro, Sutton},
  journal={The Annals of Mathematical Statistics},
  pages={400--407},
  year={1951},
}

@article{sun2019survey,
  title={A survey of optimization methods from a machine learning perspective},
  author={Sun, Shiliang and Cao, Zehui and Zhu, Han and Zhao, Jing},
  journal={IEEE Transactions on Cybernetics},
  volume={50},
  number={8},
  pages={3668--3681},
  year={2019},
}

@article{strupczewski2011tails,
  title={On the tails of distributions of annual peak flow},
  author={Strupczewski, Witold G and Kochanek, Krzysztof and Markiewicz, Iwona and Bogdanowicz, Ewa and Weglarczyk, Stanislaw and Singh, Vijay P},
  journal={Hydrology Research},
  volume={42},
  number={2-3},
  pages={171--192},
  year={2011},
  publisher={IWA Publishing}
}

@book{rachev2003handbook,
  title={Handbook of Heavy Tailed Distributions in Finance: Handbooks in Finance, Book 1},
  author={Rachev, Svetlozar Todorov},
  year={2003},
  publisher={Elsevier}
}

@book{murphy2012machine,
  title={Machine learning: a probabilistic perspective},
  author={Murphy, Kevin P},
  year={2012},
  publisher={MIT press}
}

@inproceedings{damianou2013deep,
  title={Deep {G}aussian processes},
  author={Damianou, Andreas and Lawrence, Neil D},
  booktitle={International Conference on Artificial Intelligence and Statistics},
  year={2013},
}

@book{mcneil2015quantitative,
 title={Quantitative risk management: concepts, techniques and tools},
 author={McNeil, Alexander J and Frey, R{\"u}diger and Embrechts, Paul},
 year={2015},
 publisher={Princeton University Press}
}

@article{wolpert1996lack,
  title={The lack of a priori distinctions between learning algorithms},
  author={Wolpert, David H},
  journal={Neural Computation},
  volume={8},
  number={7},
  pages={1341--1390},
  year={1996},
}



@inproceedings{nguyen2015deep,
  title={Deep neural networks are easily fooled: High confidence predictions for unrecognizable images},
  author={Nguyen, Anh and Yosinski, Jason and Clune, Jeff},
  booktitle={Computer Vision and Pattern Recognition},
  year={2015}
}


@article{liang2018bayesian,
	Author = {Faming Liang and Qizhai Li and Lei Zhou},
Journal = {Journal of the American Statistical Association},
	Number = {523},
	Pages = {955-972},
	Title = {Bayesian Neural Networks for Selection of Drug Sensitive Genes},
	Volume = {113},
	Year = {2018},
}

@inproceedings{saatci2017bayesian,
  title={Bayesian {GAN}},
  author={Saatci, Yunus and Wilson, Andrew G},
  booktitle={Advances in Neural Information Processing Systems},
  year={2017}
}

@article{rasmussen2001occam,
  title={Occam's razor},
  author={Rasmussen, Carl Edward and Ghahramani, Zoubin},
  journal={Advances in Neural Information Processing Systems},
  year={2001},
}

@inproceedings{hinton1993keeping,
  title={Keeping the neural networks simple by minimizing the description length of the weights},
  author={Hinton, Geoffrey E and Van Camp, Drew},
  booktitle={Conference on Computational Learning Theory},
  year={1993}
}

@incollection{barber1998ensemble,
  title={Ensemble learning in {B}ayesian neural networks},
  author={Barber, D and Bishop, Christopher M},
  booktitle={Generalization in Neural Networks and Machine Learning},
  pages={215--237},
  year={1998},
  publisher={Springer-Verlag}
}

@article{graves2011practical,
  title={Practical variational inference for neural networks},
  author={Graves, Alex},
  journal={Advances in Neural Information Processing Systems},
  year={2011}
}

@article{kingma2014auto,
  title={Auto-encoding variational {B}ayes},
  author={Kingma, Diederik P and Welling, Max},
  journal={ International Conference on Learning Representations},
  year={2014}
}


@incollection{goan2020bayesian,
	author = {Goan, Ethan and Fookes, Clinton},
	booktitle = {Case Studies in Applied Bayesian Data Science},
	date-added = {2022-01-18 14:51:58 +0100},
	date-modified = {2022-01-18 14:51:58 +0100},
	pages = {45--87},
	publisher = {Springer},
	title = {Bayesian neural networks: An introduction and survey},
	year = {2020},}


@article{jantre2021layer,
	author = {Jantre, Sanket and Bhattacharya, Shrijita and Maiti, Tapabrata},
	journal = {arXiv preprint arXiv:2108.11000},
	title = {Layer Adaptive Node Selection in Bayesian Neural Networks: Statistical Guarantees and Implementation Details},
	year = {2021},
	}


 @article{fortuin2021priors,
  title={{Priors in Bayesian deep learning: A review}},
  author={Fortuin, Vincent},
  journal={International Statistical Review},
  year={2022},
  publisher={Wiley Online Library}
}


@phdthesis{fortuin2021choice,
  title={On the Choice of Priors in Bayesian Deep Learning},
  author={Fortuin, Vincent},
  year={2021},
  school={ETH Zurich}
}

@inproceedings{hernandez2015probabilistic,
  title={Probabilistic backpropagation for scalable learning of {B}ayesian neural networks},
  author={Hern{\'a}ndez-Lobato, Jos{\'e} Miguel and Adams, Ryan},
  booktitle={International Conference on Machine Learning},
  year={2015},
}

@article{teh2016consistency,
  title={Consistency and fluctuations for stochastic gradient Langevin dynamics},
  author={Teh, Yee Whye and Thiery, Alexandre H and Vollmer, Sebastian J},
  journal={Journal of Machine Learning Research},
  volume={17},
  year={2016},
}

@inproceedings{louizos2016structured,
  title={Structured and efficient variational deep learning with matrix {G}aussian posteriors},
  author={Louizos, Christos and Welling, Max},
  booktitle={International Conference on Machine Learning},
  year={2016},
}

@inproceedings{sun2017learning,
  title={Learning structured weight uncertainty in {B}ayesian neural networks},
  author={Sun, Shengyang and Chen, Changyou and Carin, Lawrence},
  booktitle={International Conference on Artificial Intelligence and Statistics},
  year={2017},
}

@inproceedings{ritter2018scalable,
  title={A scalable {L}aplace approximation for neural networks},
  author={Ritter, Hippolyt and Botev, Aleksandar and Barber, David},
  booktitle={International Conference on Learning Representations},
  year={2018},
}

@inproceedings{khan2018fast,
  title={Fast and scalable {B}ayesian deep learning by weight-perturbation in {ADAM}},
  author={Khan, Mohammad and Nielsen, Didrik and Tangkaratt, Voot and Lin, Wu and Gal, Yarin and Srivastava, Akash},
  booktitle={International Conference on Machine Learning},
  year={2018},
}

@article{osawa2019practical,
  title={Practical Deep Learning with {B}ayesian Principles},
  author={Osawa, Kazuki and Swaroop, Siddharth and Khan, Mohammad Emtiyaz E and Jain, Anirudh and Eschenhagen, Runa and Turner, Richard E and Yokota, Rio},
  journal={Advances in Neural Information Processing Systems},
  year={2019}
}

@article{lakshminarayanan2017simple,
  title={Simple and Scalable Predictive Uncertainty Estimation using Deep Ensembles},
  author={Lakshminarayanan, Balaji and Pritzel, Alexander and Blundell, Charles},
  journal={Advances in Neural Information Processing Systems},
  year={2017}
}


@inproceedings{teye2018bayesian,
  title={Bayesian uncertainty estimation for batch normalized deep networks},
  author={Teye, Mattias and Azizpour, Hossein and Smith, Kevin},
  booktitle={International Conference on Machine Learning},
  year={2018},
}

@article{foong2019pathologies,
  title={Pathologies of factorised {G}aussian and {MC} dropout posteriors in {B}ayesian neural networks},
  author={Foong, Andrew YK and Burt, David R and Li, Yingzhen and Turner, Richard E},
  journal={Stat},
  volume={1050},
  pages={2},
  year={2019}
}

@article{huang2017snapshot,
  title={Snapshot ensembles: Train 1, get {M} for free},
  author={Huang, Gao and Li, Yixuan and Pleiss, Geoff and Liu, Zhuang and Hopcroft, John E and Weinberger, Kilian Q},
  journal={International Conference on Learning Representations},
  year={2017}
}

@article{izmailov2019averaging,
  title={Averaging weights leads to wider optima and better generalization},
  author={Izmailov, Pavel and Podoprikhin, Dmitrii and Garipov, Timur and Vetrov, Dmitry and Wilson, Andrew Gordon},
  journal={Uncertainty in Artificial Intelligence},
  year={2019}
}

@article{frankle2019lottery,
  title={The lottery ticket hypothesis: Finding sparse, trainable neural networks},
  author={Frankle, Jonathan and Carbin, Michael},
  journal={International Conference on Learning Representations},
  year={2019}
}

@inproceedings{malach2020proving,
  title={Proving the lottery ticket hypothesis: Pruning is all you need},
  author={Malach, Eran and Yehudai, Gilad and Shalev-Schwartz, Shai and Shamir, Ohad},
  booktitle={International Conference on Machine Learning},
  year={2020},
}

@inproceedings{glorot2010understanding,
  title={Understanding the difficulty of training deep feedforward neural networks},
  author={Glorot, Xavier and Bengio, Yoshua},
  booktitle={International Conference on Artificial Intelligence and Statistics},
  year={2010},
}

@inproceedings{he2015delving,
  title={Delving deep into rectifiers: Surpassing human-level performance on {I}mage{N}et classification},
  author={He, Kaiming and Zhang, Xiangyu and Ren, Shaoqing and Sun, Jian},
  booktitle={International Conference on Computer Vision},
  year={2015}
}

@article{wolinski2020interpreting,
  title={Interpreting a Penalty as the Influence of a {B}ayesian Prior},
  author={Wolinski, Pierre and Charpiat, Guillaume and Ollivier, Yann},
  journal={arXiv preprint arXiv:2002.00178},
  year={2020}
}

@inproceedings{izmailov2020subspace,
  title={Subspace inference for {B}ayesian deep learning},
  author={Izmailov, Pavel and Maddox, Wesley J and Kirichenko, Polina and Garipov, Timur and Vetrov, Dmitry and Wilson, Andrew Gordon},
  booktitle={Uncertainty in Artificial Intelligence},
  year={2020},
}

@article{cheng2017survey,
  title={A survey of model compression and acceleration for deep neural networks},
  author={Cheng, Yu and Wang, Duo and Zhou, Pan and Zhang, Tao},
  journal={arXiv preprint arXiv:1710.09282},
  year={2017}
}

@inproceedings{daxberger2021bayesian,
  title={{B}ayesian deep learning via subnetwork inference},
  author={Daxberger, Erik and Nalisnick, Eric and Allingham, James U and Antor{\'a}n, Javier and Hern{\'a}ndez-Lobato, Jos{\'e} Miguel},
  booktitle={International Conference on Machine Learning},
  year={2021},
}

@inproceedings{garipov2018loss,
  title={Loss surfaces, mode connectivity, and fast ensembling of {DNN}s},
  author={Garipov, Timur and Izmailov, Pavel and Podoprikhin, Dmitrii and Vetrov, Dmitry and Wilson, Andrew Gordon},
  booktitle={Advances in Neural Information Processing Systems},
  year={2018}
}

@article{wenzel2020hyperparameter,
  title={Hyperparameter ensembles for robustness and uncertainty quantification},
  author={Wenzel, Florian and Snoek, Jasper and Tran, Dustin and Jenatton, Rodolphe},
  journal={Advances in Neural Information Processing Systems},
  year={2020}
}

@inproceedings{pearce2020uncertainty,
  title={Uncertainty in neural networks: Approximately {B}ayesian ensembling},
  author={Pearce, Tim and Leibfried, Felix and Brintrup, Alexandra},
  booktitle={International Conference on Artificial Intelligence and Statistics},
  year={2020},
}

@article{maddox2019simple,
  title={A simple baseline for {B}ayesian uncertainty in deep learning},
  author={Maddox, Wesley J and Izmailov, Pavel and Garipov, Timur and Vetrov, Dmitry P and Wilson, Andrew Gordon},
  journal={Advances in Neural Information Processing Systems},
  year={2019}
}

@inproceedings{dusenberry2020efficient,
  title={Efficient and scalable {B}ayesian neural nets with rank-1 factors},
  author={Dusenberry, Michael and Jerfel, Ghassen and Wen, Yeming and Ma, Yian and Snoek, Jasper and Heller, Katherine and Lakshminarayanan, Balaji and Tran, Dustin},
  booktitle={International Conference on Machine Learning},
  year={2020},
}

@article{antoran2021depth,
  title={Depth uncertainty in neural networks},
  author={Antor{\'a}n, Javier and Allingham, James Urquhart and Hern{\'a}ndez-Lobato, Jos{\'e} Miguel},
  journal={Advances in Neural Information Processing Systems},
  year={2021}
}

@phdthesis{nalisnick2018priors,
  title={On priors for {B}ayesian neural networks},
  author={Nalisnick, Eric Thomas},
  year={2018},
  school={University of California, Irvine}
}

@inproceedings{cho2009kernel,
  title={Kernel methods for deep learning},
  author={Cho, Youngmin and Saul, Lawrence K},
  booktitle={Advances in Neural Information Processing Systems},
  year={2009}}

@inproceedings{duvenaud2014avoiding,
  title={Avoiding pathologies in very deep networks},
  author={Duvenaud, David and Rippel, Oren and Adams, Ryan and Ghahramani, Zoubin},
  booktitle={International Conference on Artificial Intelligence and Statistics},
  year={2014}}

@inproceedings{wilson2016deep,
  title={Deep kernel learning},
  author={Wilson, Andrew Gordon and Hu, Zhiting and Salakhutdinov, Ruslan and Xing, Eric P},
  booktitle={International Conference on Artificial Intelligence and Statistics},
  year={2016}
}

@inproceedings{wilson2016stochastic,
  title={Stochastic variational deep kernel learning},
  author={Wilson, Andrew G and Hu, Zhiting and Salakhutdinov, Ruslan R and Xing, Eric P},
  booktitle={Advances in Neural Information Processing Systems},
  year={2016}
}


@InProceedings{ioffe2015batch,
  title = 	 {Batch Normalization: Accelerating Deep Network Training by Reducing Internal Covariate Shift},
  author = 	 {Sergey Ioffe and Christian Szegedy},
  booktitle = 	 {International Conference on Machine Learning},
  year = 	 {2015},
}

@article{weiss2016survey,
  title={A survey of transfer learning},
  author={Weiss, Karl and Khoshgoftaar, Taghi M and Wang, DingDing},
  journal={Journal of Big Data},
  volume={3},
  number={1},
  pages={1--40},
  year={2016},
}

@inproceedings{erhan2010does,
  title={Why does unsupervised pre-training help deep learning?},
  author={Erhan, Dumitru and Courville, Aaron and Bengio, Yoshua and Vincent, Pascal},
  booktitle={International Conference on Artificial Intelligence and Statistics},
  year={2010},
}

@article{minderer2021revisiting,
  title={Revisiting the Calibration of Modern Neural Networks},
  author={Minderer, Matthias and Djolonga, Josip and Romijnders, Rob and Hubis, Frances and Zhai, Xiaohua and Houlsby, Neil and Tran, Dustin and Lucic, Mario},
  journal={Advances in Neural Information Processing Systems },
  year={2021}
}

@article{ba2016layer,
  title={Layer normalization},
  author={Ba, Jimmy Lei and Kiros, Jamie Ryan and Hinton, Geoffrey E},
  journal={NIPS Deep Learning Symposium},
  year={2016}
}

@article{hazan2015steps,
  title={Steps toward deep kernel methods from infinite neural networks},
  author={Hazan, Tamir and Jaakkola, Tommi},
  journal={arXiv preprint arXiv:1508.05133},
  year={2015}
}

@article{mitrovic2017deep,
  title={Deep Kernel Machines via the Kernel Reparametrization Trick},
  author={Mitrovic, Jovana and Sejdinovic, Dino and Teh, Yee Whye},
  year={2017},
  journal={ICLR Workshop Track}
}

@article{srivastava2014dropout,
  title={Dropout: A simple way to prevent neural networks from overfitting},
  author={Srivastava, Nitish and Hinton, Geoffrey and Krizhevsky, Alex and Sutskever, Ilya and Salakhutdinov, Ruslan},
  journal={The Journal of Machine Learning Research},
  volume={15},
  number={1},
  pages={1929--1958},
  year={2014}
}

@inproceedings{gal2016dropout,
  title={Dropout as a {B}ayesian approximation: Representing model uncertainty in deep learning},
  author={Gal, Yarin and Ghahramani, Zoubin},
  booktitle={International Conference on Machine Learning},
  year={2016}
}

@article{nabarro2021data,
  title={Data augmentation in {B}ayesian neural networks and the cold posterior effect},
  author={Nabarro, Seth and Ganev, Stoil and Garriga-Alonso, Adri{\`a} and Fortuin, Vincent and van der Wilk, Mark and Aitchison, Laurence},
  journal={arXiv preprint arXiv:2106.05586},
  year={2021}
}

@inproceedings{izmailov2021bayesian,
  title={What Are {B}ayesian Neural Network Posteriors Really Like?},
  author={Izmailov, Pavel and Vikram, Sharad and Hoffman, Matthew D and Wilson, Andrew Gordon},
  booktitle={International Conference on Machine Learning},
  year={2021}
}

@inproceedings{wenzel2020good,
  title={How Good is the {B}ayes Posterior in Deep Neural Networks Really?},
  author={Wenzel, Florian and Roth, Kevin and Veeling, Bastiaan and Swiatkowski, Jakub and Tran, Linh and Mandt, Stephan and Snoek, Jasper and Salimans, Tim and Jenatton, Rodolphe and Nowozin, Sebastian},
  booktitle={International Conference on Machine Learning},
  year={2020},
}

@inproceedings{aitchison2020statistical,
  title={A statistical theory of cold posteriors in deep neural networks},
  author={Aitchison, Laurence},
  booktitle={International Conference on Learning Representations},
  year={2021}
}


@inproceedings{aitchison2020bigger,
  title={Why bigger is not always better: on finite and infinite neural networks},
  author={Aitchison, Laurence},
  booktitle={International Conference on Machine Learning},
  year={2020},
}

@article{fortuin2021bayesian,
  title={Bayesian neural network priors revisited},
  author={Fortuin, Vincent and Garriga-Alonso, Adri{\`a} and Wenzel, Florian and R{\"a}tsch, Gunnar and Turner, Richard and van der Wilk, Mark and Aitchison, Laurence},
  journal={Symposium on Advances in Approximate Bayesian Inference},
  year={2021}
}

@article{zavatone2021asymptotics,
  title={Asymptotics of representation learning in finite {B}ayesian neural networks},
  author={Zavatone-Veth, Jacob A and Canatar, Abdulkadir and Pehlevan, Cengiz},
  journal={arXiv preprint arXiv:2106.00651},
  year={2021}
}

@article{noci2021precise,
  title={Precise characterization of the prior predictive distribution of deep {ReLU} networks},
  author={Noci, Lorenzo and Bachmann, Gregor and Roth, Kevin and Nowozin, Sebastian and Hofmann, Thomas},
  journal={International Conference on Learning Representations},
  year={2021}
}

@article{wilson2020bayesian,
  title={{B}ayesian deep learning and a probabilistic perspective of generalization},
  author={Wilson, Andrew Gordon and Izmailov, Pavel},
  journal={International Conference on Neural Information Processing Systems},
  year={2020}
}

@inproceedings{antoran2021getting,
  title={Getting a {CLUE}: A Method for Explaining Uncertainty Estimates},
  author={Antoran, Javier and Bhatt, Umang and Adel, Tameem and Weller, Adrian and Hern{\'a}ndez-Lobato, Jos{\'e} Miguel},
  booktitle={International Conference on Learning Representations},
  year={2021}
}

@inproceedings{bhatt2021uncertainty,
  title={Uncertainty as a form of transparency: Measuring, communicating, and using uncertainty},
  author={Bhatt, Umang and Antor{\'a}n, Javier and Zhang, Yunfeng and Liao, Q Vera and Sattigeri, Prasanna and Fogliato, Riccardo and Melan{\c{c}}on, Gabrielle and Krishnan, Ranganath and Stanley, Jason and Tickoo, Omesh},
  booktitle={AAAI/ACM Conference on AI, Ethics, and Society},
  year={2021}
}

@inproceedings{lee2020finite,
  title={Finite Versus Infinite Neural Networks: an Empirical Study},
  author={Lee, Jaehoon and Schoenholz, Samuel and Pennington, Jeffrey and Adlam, Ben and Xiao, Lechao and Novak, Roman and Sohl-{D}ickstein, Jascha},
  booktitle={International Conference on Neural Information Processing Systems},
  year={2020}
}

@inproceedings{poole2016exponential,
  title={Exponential expressivity in deep neural networks through transient chaos},
  author={Poole, Ben and Lahiri, Subhaneil and Raghu, Maithra and Sohl-{D}ickstein, Jascha and Ganguli, Surya},
  booktitle={International Conference on Neural Information Processing Systems},
  year={2016}
}

@inproceedings{schoenholz2016deep,
  title={Deep information propagation},
  author={Schoenholz, Samuel S and Gilmer, Justin and Ganguli, Surya and Sohl-{D}ickstein, Jascha},
  booktitle={International Conference on Learning Representations},
  year={2017}
}

@inproceedings{hayou2019impact,
  title={On the impact of the activation function on deep neural networks training},
  author={Hayou, Soufiane and Doucet, Arnaud and Rousseau, Judith},
  booktitle={International Conference on Machine Learning},
  year={2019},
}

@article{springer1970distribution,
  title={The distribution of products of beta, gamma and {G}aussian random variables},
  author={Springer, Melvin Dale and Thompson, William E.},
  journal={{SIAM} Journal on Applied Mathematics},
  volume={18},
  number={4},
  pages={721--737},
  year={1970},
  publisher={SIAM}
}


@inproceedings{favaro2020stable,
  title={Stable behaviour of infinitely wide deep neural networks},
  author={Favaro, Stefano and Fortini, Sandra and Stefano, Peluchetti},
  booktitle={International Conference on Artificial Intelligence and Statistics},
  year={2020},
}


@book{neal1996bayesian,
	Author = {Neal, Radford M},
	Publisher = {Springer Science \& Business Media},
	Title = {Bayesian learning for neural networks},
	Year = {1996}
}


@book{nelsen2007introduction,
  title={An introduction to copulas},
  author={Nelsen, Roger B},
  year={2007},
  publisher={Springer Science \& Business Media}
}

@article{nelsen1996nonparametric,
  title={Nonparametric measures of multivariate association},
  author={Nelsen, Roger B},
  journal={Lecture Notes-Monograph Series},
  pages={223--232},
  year={1996},
  publisher={JSTOR}
}

@book{bingham1989regular,
  title={Regular variation},
  author={Bingham, Nicholas H and Goldie, Charles M and Teugels, Jef L},
  year={1989},
  publisher={Cambridge University Press}
}

@article{gardes2011weibull,
  title={Weibull tail-distributions revisited: a new look at some tail estimators},
  author={Gardes, Laurent and Girard, St{\'e}phane and Guillou, Armelle},
  journal={Journal of Statistical Planning and Inference},
  volume={141},
  number={1},
  pages={429--444},
  year={2011},
  publisher={Elsevier}
}

@article{gardes2016estimation,
  title={On the estimation of the functional {W}eibull tail-coefficient},
  author={Gardes, Laurent and Girard, St{\'e}phane},
  journal={Journal of Multivariate Analysis},
  volume={146},
  pages={29--45},
  year={2016},
  publisher={Elsevier}
}

@article{kuchibhotla2018moving,
  title={Moving beyond sub-{G}aussianity in high-dimensional statistics: Applications in covariance estimation and linear regression},
  author={Kuchibhotla, Arun Kumar and Chakrabortty, Abhishek},
  journal={arXiv preprint arXiv:1804.02605},
  year={2018}
}

@book{rinne2008weibull,
  title={The {W}eibull distribution: a handbook},
  author={Rinne, Horst},
  year={2008},
  publisher={Chapman and Hall/CRC}
}

% concentrations

@article{zhang2021sharper,
  title={Sharper Sub-{W}eibull Concentrations: Non-asymptotic {B}ai-{Y}in's Theorem},
  author={Zhang, Huiming and Wei, Haoyu},
  journal={arXiv preprint arXiv:2102.02450},
  year={2021}
}

@phdthesis{candes1998ridgelets,
  title={Ridgelets: theory and applications},
  author={Cand\`es, Emmanuel Jean},
  year={1998},
  school={Stanford University}
}

@article{gardes2008estimation,
  title={Estimation of the {W}eibull tail-coefficient with linear combination of upper order statistics},
  author={Gardes, Laurent and Girard, Stephane},
  journal={Journal of Statistical Planning and Inference},
  year={2008},
  volume = {138},
  pages = {1416-1427}
}

@book{vershynin2018high,
  title={High-Dimensional Probability: An Introduction with Applications in Data Science},
  author={Vershynin, Roman},
  year={2018},
  publisher={Cambridge University Press}
}

@inproceedings{Hao:2019aa,
  title={Bootstrapping Upper Confidence Bound},
  author={Hao, Botao and Yadkori, Yasin Abbasi and Wen, Zheng and Cheng, Guang},
  booktitle={Advances in Neural Information Processing Systems},
  year={2019}
}

@article{adamczak2011restricted,
  title={Restricted isometry property of matrices with independent columns and neighborly polytopes by random sampling},
  author={Adamczak, Radoslaw and Litvak, Alexander E and Pajor, Alain and Tomczak-Jaegermann, Nicole},
  journal={Constructive Approximation},
  volume={34},
  year={2011},
  pages = {61–88}
}

@book{boucheron2013concentration,
  title={Concentration Inequalities: A Nonasymptotic Theory of Independence},
  author={Boucheron, St{\'e}phane and Lugosi, G{\'a}bor and Massart, Pascal},
  year={2013},
  publisher={Oxford University Press}
}

@article{raginsky2013concentration,
  title={Concentration of measure inequalities in information theory, communications, and coding},
  author={Raginsky, Maxim and Sason, Igal},
  journal={Foundations and Trends in Communications and Information Theory},
  year={2013},
  volume = {10},
  pages = {1-246}
  }

@techreport{van2014probability,
  title={Probability in high dimension},
  author={van Handel, Ramon},
  year={2014},
  institution={Princeton University}
}

@book{catoni2007pac,
  title={{PAC-Bayesian Supervised Classification: The Thermodynamics of Statistical Learning}},
  author={Catoni, Olivier},
  publisher={Institute of Mathematical Statistics},
  year={2007}
}


@book{bubeck2012regret,
  title={Regret Analysis of Stochastic and Nonstochastic Multi-Armed Bandit Problems},
  author={Bubeck, S{\'e}bastien and Cesa-Bianchi, Nicolo},
  series={Foundations and Trends in Machine Learning},
  pages={1--122},
  year={2012},
  publisher={Now Publishers}
}

@inproceedings{rudelson2010non,
  title={Non-asymptotic theory of random matrices: extreme singular values},
  author={Rudelson, Mark and Vershynin, Roman},
  booktitle={International Congress of Mathematicians},
  year={2010},
  organization={World Scientific}
}

@article{ben2017concentration,
  title={Concentration inequalities in the infinite urn scheme for occupancy counts and the missing mass, with applications},
  author={Ben-Hamou, Anna and Boucheron, St\'ephane and Ohannessian, Mesrob I},
  journal={Bernoulli},
  year={2017},
  volume = {23},
  pages = {249-287}
}


@article{wellner2017bennett,
  title={{The {B}ennett-{O}rlicz Norm}},
  author={Wellner, Jon A},
  journal={Sankhya A},
  year={2017},
  volume = {79},
  pages = {355-383}
}

% Meijer G-functions

@article{zavatone2021exact,
  title={Exact priors of finite neural networks},
  author={Zavatone-Veth, Jacob A and Pehlevan, Cengiz},
  journal={International Conference on Learning Representations},
  year={2021}
}


@article{pleiss2021limitations,
  title={The Limitations of Large Width in Neural Networks: A Deep {G}aussian Process Perspective},
  author={Pleiss, Geoff and Cunningham, John P},
  journal={arXiv preprint arXiv:2106.06529},
  year={2021}
}

@article{garriga2021correlated,
  title={Correlated Weights in Infinite Limits of Deep Convolutional Neural Networks},
  author={Garriga-Alonso, Adri{\`a} and van der Wilk, Mark},
  journal={arXiv preprint arXiv:2101.04097},
  year={2021}
}

@article{cambanis1981theory,
  title={On the theory of elliptically contoured distributions},
  author={Cambanis, Stamatis and Huang, Steel and Simons, Gordon},
  journal={Journal of Multivariate Analysis},
  volume={11},
  number={3},
  pages={368--385},
  year={1981},
  publisher={Elsevier}
}


@inproceedings{mahoney2019traditional,
  title={Traditional and heavy-tailed self-regularization in neural network models},
  author={Mahoney, Michael and Martin, Charles},
  booktitle={International Conference on Machine Learning},
  year={2019},
}

@article{blaas2021effect,
  title={The Effect of Prior {L}ipschitz Continuity on the Adversarial Robustness of {B}ayesian Neural Networks},
  author={Blaas, Arno and Roberts, Stephen J},
  journal={arXiv preprint arXiv:2101.02689},
  year={2021}
}


	
% neural tangent kernels 

@inproceedings{jacot2018neural,
  title={Neural tangent kernel: Convergence and generalization in neural networks},
  author={Jacot, Arthur and Gabriel, Franck and Hongler, Cl{\'e}ment},
  booktitle={Advances in Neural Information Processing Systems},
  year={2018}
}

@article{yang2019scaling,
  title={Scaling limits of wide neural networks with weight sharing: {G}aussian process behavior, gradient independence, and neural tangent kernel derivation},
  author={Yang, Greg},
  journal={arXiv preprint arXiv:1902.04760},
  year={2019}
}

@inproceedings{huang2016deep,
  title={Deep networks with stochastic depth},
  author={Huang, Gao and Sun, Yu and Liu, Zhuang and Sedra, Daniel and Weinberger, Kilian Q},
  booktitle={European Conference on Computer Vision},
  pages={646--661},
  year={2016},
  organization={Springer}
} 

% ODE 

@inproceedings{chen2018neural,
  title={Neural ordinary differential equations},
  author={Chen, Tian Qi and Rubanova, Yulia and Bettencourt, Jesse and Duvenaud, David K},
  booktitle={Advances in Neural Information Processing Systems},
  year={2018}
} 

@article{peluchetti2019infinitely,
  title={Infinitely deep neural networks as diffusion processes},
  author={Peluchetti, Stefano and Favaro, Stefano},
  journal={International Conference on Artificial Intelligence and Statistics},
  year={2020}
}

@article{peluchetti2019BDL,
  title={Neural {SDE} - Information propagation through the lens of diffusion processes},
  author={Peluchetti, Stefano and Favaro, Stefano},
  journal={NeurIPS Workshop on Bayesian Deep Learning},
  year={2019}
}

@article{tzen2019neural,
  title={Neural Stochastic Differential Equations: Deep Latent {G}aussian Models in the Diffusion Limit},
  author={Tzen, Belinda and Raginsky, Maxim},
  journal={arXiv preprint arXiv:1905.09883},
  year={2019}
} 

@article{liu2019neural,
  title={Neural {SDE}: Stabilizing Neural {ODE} Networks with Stochastic Noise},
  author={Liu, Xuanqing and Si, Si and Cao, Qin and Kumar, Sanjiv and Hsieh, Cho-Jui},
  journal={arXiv preprint arXiv:1906.02355},
  year={2019}
}

@article{hegde2019deep,
  title={Deep learning with differential {G}aussian process flows},
  author={Hegde, Pashupati and Heinonen, Markus and L{\"a}hdesm{\"a}ki, Harri and Kaski, Samuel},
  journal={International Conference on Artificial Intelligence and Statistics},
  year={2019}
}

@article{look2019differential,
  title={Differential {B}ayesian Neural Nets},
  author={Look, Andreas and Kandemir, Melih},
  journal={NeurIPS Workshop on Bayesian Deep Learning},
  year={2019}
}

@inproceedings{rasmussen2003gaussian,
  title={Gaussian processes in machine learning},
  author={Rasmussen, Carl Edward},
  booktitle={Summer school on machine learning},
  pages={63--71},
  year={2003},
  organization={Springer}
}

@book{rasmussen2006gaussian,
  title={Gaussian processes for machine learning},
  author={Rasmussen, Carl Edward and Williams, Christopher K},
  year={2006},
  publisher={MIT press Cambridge, MA}
}

@article{ghahramani2015probabilistic,
  title={Probabilistic machine learning and artificial intelligence},
  author={Ghahramani, Zoubin},
  journal={Nature},
  volume={521},
  number={7553},
  pages={452--459},
  year={2015},
  publisher={Nature Publishing Group}
}

% Langevin Dynamics 

@inproceedings{gurbuzbalaban2021heavy,
  title={The heavy-tail phenomenon in {SGD}},
  author={Gurbuzbalaban, Mert and {\c{S}}im{\c{s}}ekli, Umut and Zhu, Lingjiong},
  booktitle={International Conference on Machine Learning},
  year={2021},
}

@article{wang2021convergence,
  title={Convergence Rates of Stochastic Gradient Descent under Infinite Noise Variance},
  author={Wang, Hongjian and G{\"u}rb{\"u}zbalaban, Mert and Zhu, Lingjiong and {\c{S}}im{\c{s}}ekli, Umut and Erdogdu, Murat A},
  journal={Advances in Neural Information Processing Systems},
  year={2021}
}

@article{barsbey2021heavy,
  title={Heavy Tails in {SGD} and Compressibility of Overparametrized Neural Networks},
  author={Barsbey, Melih and Sefidgaran, Milad and Erdogdu, Murat A and Richard, Ga{\"e}l and {\c{S}}im{\c{s}}ekli, Umut},
  journal={Advances in Neural Information Processing Systems},
  year={2021}
}

@inproceedings{hron2020infinite,
  title={Infinite attention: {NNGP} and {NTK} for deep attention networks},
  author={Hron, Jiri and Bahri, Yasaman and Sohl-Dickstein, Jascha and Novak, Roman},
  booktitle={International Conference on Machine Learning},
  year={2020},
}


% PAC-Bayes
@article{ghosal2000convergence,
  title={Convergence rates of posterior distributions},
  author={Ghosal, Subhashis and Ghosh, Jayanta K and Van Der Vaart, Aad W},
  journal={The Annals of Statistics},
  pages={500--531},
  year={2000},
}
@article{blackwell1962merging,
  title={Merging of opinions with increasing information},
  author={Blackwell, David and Dubins, Lester},
  journal={The Annals of Mathematical Statistics},
  volume={33},
  number={3},
  pages={882--886},
  year={1962},
}

%Benchmarking
@inproceedings{louizos2017multiplicative,
  title={Multiplicative normalizing flows for variational {B}ayesian neural networks},
  author={Louizos, Christos and Welling, Max},
  booktitle={International Conference on Machine Learning},
  year={2017},
}
@article{kendall2017uncertainties,
  title={What uncertainties do we need in {B}ayesian deep learning for computer vision?},
  author={Kendall, Alex and Gal, Yarin},
  journal={Advances in Neural Information Processing Systems},
  year={2017}
}
@article{platt1999probabilistic,
  title={Probabilistic outputs for support vector machines and comparisons to regularized likelihood methods},
  author={Platt, John},
  journal={Advances in Large Margin Classifiers},
  year={1999},
}
@inproceedings{zadrozny2001obtaining,
  title={Obtaining calibrated probability estimates from decision trees and naive {B}ayesian classifiers},
  author={Zadrozny, Bianca and Elkan, Charles},
  booktitle={International Conference on Machine Learning},
  year={2001},
}
@inproceedings{zadrozny2002transforming,
  title={Transforming classifier scores into accurate multiclass probability estimates},
  author={Zadrozny, Bianca and Elkan, Charles},
  booktitle={International Conference on Knowledge Discovery and Data Mining},
  year={2002}
}
@inproceedings{naeini2015obtaining,
  title={Obtaining well calibrated probabilities using {B}ayesian binning},
  author={Naeini, Mahdi Pakdaman and Cooper, Gregory and Hauskrecht, Milos},
  booktitle={Conference on Artificial Intelligence},
  year={2015}
}
 @misc{Dua:2019,
author = "Dua, Dheeru and Graff, Casey",
year = "2017",
title = "{UCI} Machine Learning Repository",
url = "http://archive.ics.uci.edu/ml",
institution = "University of California, Irvine, School of Information and Computer Sciences" }

@inproceedings{band2021benchmarking,
  title={Benchmarking Bayesian Deep Learning on Diabetic Retinopathy Detection Tasks},
  author={Band, Neil and Rudner, Tim GJ and Feng, Qixuan and Filos, Angelos and Nado, Zachary and Dusenberry, Michael W and Jerfel, Ghassen and Tran, Dustin and Gal, Yarin},
  booktitle={NeurIPS Workshop on Distribution Shifts: Connecting Methods and Applications},
  year={2021}
}
@article{daxberger2021laplace,
  title={Laplace {R}edux-Effortless {B}ayesian Deep Learning},
  author={Daxberger, Erik and Kristiadi, Agustinus and Immer, Alexander and Eschenhagen, Runa and Bauer, Matthias and Hennig, Philipp},
  journal={Advances in Neural Information Processing Systems},
  year={2021}
}
@article{degroot1983comparison,
  title={The comparison and evaluation of forecasters},
  author={DeGroot, Morris H and Fienberg, Stephen E},
  journal={Journal of the Royal Statistical Society: Series D (The Statistician)},
  volume={32},
  number={1-2},
  pages={12--22},
  year={1983},
}
@inproceedings{nixon2019measuring,
  title={Measuring Calibration in Deep Learning},
  author={Nixon, Jeremy and Dusenberry, Michael W and Zhang, Linchuan and Jerfel, Ghassen and Tran, Dustin},
  booktitle={CVPR Workshop},
  year={2019}
}
@inproceedings{vaicenavicius2019evaluating,
  title={Evaluating model calibration in classification},
  author={Vaicenavicius, Juozas and Widmann, David and Andersson, Carl and Lindsten, Fredrik and Roll, Jacob and Sch{\"o}n, Thomas},
  booktitle={International Conference on Artificial Intelligence and Statistics},
  year={2019},
}

@article{izmailov2021dangers,
  title={Dangers of {B}ayesian model averaging under covariate shift},
  author={Izmailov, Pavel and Nicholson, Patrick and Lotfi, Sanae and Wilson, Andrew G},
  journal={Advances in Neural Information Processing Systems},
  year={2021}
}
@article{rawat2017adversarial,
  title={Adversarial phenomenon in the eyes of {B}ayesian deep learning},
  author={Rawat, Ambrish and Wistuba, Martin and Nicolae, Maria-Irina},
  journal={arXiv preprint arXiv:1711.08244},
  year={2017}
}
@article{liu2018adv,
  title={Adv-{BNN}: Improved adversarial defense through robust {B}ayesian neural network},
  author={Liu, Xuanqing and Li, Yao and Wu, Chongruo and Hsieh, Cho-Jui},
  journal={International Conference on Learning Representations},
  year={2019}
}
@article{grosse2018limitations,
  title={The limitations of model uncertainty in adversarial settings},
  author={Grosse, Kathrin and Pfaff, David and Smith, Michael Thomas and Backes, Michael},
  journal={NeurIPS Workshop on Bayesian Deep Learning},
  year={2019}
}
@article{bekasov2018bayesian,
  title={Bayesian adversarial spheres: {B}ayesian inference and adversarial examples in a noiseless setting},
  author={Bekasov, Artur and Murray, Iain},
  journal={NeurIPS Workshop on Bayesian Deep Learning},
  year={2018}
}


%Théo

@article{Mikkola2021,
   author = {Petrus Mikkola and Osvaldo A. Martin and Suyog Chandramouli and Marcelo Hartmann and Oriol Abril Pla and Owen Thomas and Henri Pesonen and Jukka Corander and Aki Vehtari and Samuel Kaski and Paul-Christian Bürkner and Arto Klami},
   month = {12},
   title = {Prior knowledge elicitation: The past, present, and future},
   url = {https://arxiv.org/abs/2112.01380},
   year = {2021},
}

@article{Lemoine2019,
   author = {Nathan P. Lemoine},
   doi = {10.1111/oik.05985},
   issn = {16000706},
   issue = {7},
   journal = {Oikos},
   title = {Moving beyond noninformative priors: why and how to choose weakly informative priors in Bayesian analyses},
   volume = {128},
   year = {2019},
}


@article{dillon2017tensorflow,
  title={Tensorflow distributions},
  author={Dillon, Joshua V and Langmore, Ian and Tran, Dustin and Brevdo, Eugene and Vasudevan, Srinivas and Moore, Dave and Patton, Brian and Alemi, Alex and Hoffman, Matt and Saurous, Rif A},
  journal={arXiv preprint arXiv:1711.10604},
  year={2017}
}

@article{bingham2019pyro,
  title={Pyro: Deep universal probabilistic programming},
  author={Bingham, Eli and Chen, Jonathan P and Jankowiak, Martin and Obermeyer, Fritz and Pradhan, Neeraj and Karaletsos, Theofanis and Singh, Rohit and Szerlip, Paul and Horsfall, Paul and Goodman, Noah D},
  journal={The Journal of Machine Learning Research},
  volume={20},
  number={1},
  pages={973--978},
  year={2019},
  publisher={JMLR. org}
}

@article{pymc,
  title={Probabilistic programming in Python using PyMC3},
  author={Salvatier, John and Wiecki, Thomas V and Fonnesbeck, Christopher},
  journal={PeerJ Computer Science},
  volume={2},
  pages={e55},
  year={2016},
  publisher={PeerJ Inc.}
}

@article{carpenter2017stan,
  title={Stan: A probabilistic programming language},
  author={Carpenter, Bob and Gelman, Andrew and Hoffman, Matthew D and Lee, Daniel and Goodrich, Ben and Betancourt, Michael and Brubaker, Marcus and Guo, Jiqiang and Li, Peter and Riddell, Allen},
  journal={Journal of Statistical Software},
  volume={76},
  number={1},
  pages={1--32},
  year={2017}
}

@article{gelman2020bayesian,
  title={Bayesian workflow},
  author={Gelman, Andrew and Vehtari, Aki and Simpson, Daniel and Margossian, Charles C and Carpenter, Bob and Yao, Yuling and Kennedy, Lauren and Gabry, Jonah and B{\"u}rkner, Paul-Christian and Modr{\'a}k, Martin},
  journal={arXiv preprint arXiv:2011.01808},
  year={2020}
}
@article{lotfi2022bayesian,
  title={Bayesian Model Selection, the Marginal Likelihood, and Generalization},
  author={Lotfi, Sanae and Izmailov, Pavel and Benton, Gregory and Goldblum, Micah and Wilson, Andrew Gordon},
  journal={arXiv preprint arXiv:2202.11678},
  year={2022}
}
@article{germain2016pac,
  title={PAC-Bayesian theory meets Bayesian inference},
  author={Germain, Pascal and Bach, Francis and Lacoste, Alexandre and Lacoste-Julien, Simon},
  journal={Advances in Neural Information Processing Systems},
  volume={29},
  year={2016}
}


@book{robert2004monte,
	author = {Robert, Christian P and Casella, George},
	date-added = {2019-07-27 16:15:31 +0200},
	date-modified = {2019-07-27 16:15:31 +0200},
	publisher = {Springer-Verlag, New York},
	title = {Monte Carlo statistical methods},
	year = {2004}}

@article{moins2022local,
  title={{On the use of a local $\hat{R}$ to improve MCMC convergence diagnostic}},
  author={Moins, Th{\'e}o and Arbel, Julyan and Dutfoy, Anne and Girard, St{\'e}phane},
  journal={arXiv preprint arXiv:2205.06694},
  year={2022},
}


@article{gelman1992inference,
  title={Inference from iterative simulation using multiple sequences},
  author={Gelman, Andrew and Rubin, Donald B},
  journal={Statistical Science},
  volume={7},
  number={4},
  pages={457--472},
  year={1992},
  publisher={Institute of Mathematical Statistics}
}

@article{vehtari2021rank,
author = {Aki Vehtari and Andrew Gelman and Daniel Simpson and Bob Carpenter and Paul-Christian Bürkner},
title = {{Rank-normalization, folding, and localization: An improved $\widehat{R}$ for assessing convergence of MCMC (with discussion)}},
journal = {Bayesian Analysis},
volume={16},
number={2},
pages={667--718}, 
publisher = {International Society for Bayesian Analysis},
year = {2021},
}

@article{kass1995bayes,
  title={Bayes factors},
  author={Kass, Robert E and Raftery, Adrian E},
  journal={Journal of the American Statistical Association},
  volume={90},
  number={430},
  pages={773--795},
  year={1995},
  publisher={Taylor \& Francis}
}
@book{bishop2006pattern,
  title={Pattern recognition and machine learning},
  author={Bishop, Christopher M and Nasrabadi, Nasser M},
  volume={4},
  year={2006},
  publisher={Springer}
}
@article{foong2019between,
  title={{'In-Between' Uncertainty in Bayesian Neural Networks}},
  author={Foong, Andrew YK and Li, Yingzhen and Hern{\'a}ndez-Lobato, Jos{\'e} Miguel and Turner, Richard E},
  journal={Uncertainty in Deep Learning Workshop, ICML},
  year={2019}
}
@article{wen2018flipout,
  title={Flipout: Efficient pseudo-independent weight perturbations on mini-batches},
  author={Wen, Yeming and Vicol, Paul and Ba, Jimmy and Tran, Dustin and Grosse, Roger},
  journal={arXiv preprint arXiv:1803.04386},
  year={2018}
}
@inproceedings{martens2015optimizing,
  title={Optimizing neural networks with kronecker-factored approximate curvature},
  author={Martens, James and Grosse, Roger},
  booktitle={International Conference on Machine Learning},
  pages={2408--2417},
  year={2015},
  organization={PMLR}
}
@inproceedings{immer2021scalable,
  title={Scalable marginal likelihood estimation for model selection in deep learning},
  author={Immer, Alexander and Bauer, Matthias and Fortuin, Vincent and R{\"a}tsch, Gunnar and Emtiyaz, Khan Mohammad},
  booktitle={International Conference on Machine Learning},
  pages={4563--4573},
  year={2021},
  organization={PMLR}
}
@inproceedings{immer2021improving,
  title={Improving predictions of Bayesian neural nets via local linearization},
  author={Immer, Alexander and Korzepa, Maciej and Bauer, Matthias},
  booktitle={International Conference on Artificial Intelligence and Statistics},
  pages={703--711},
  year={2021},
  organization={PMLR}
}
@article{immer2022invariance,
  title={Invariance Learning in Deep Neural Networks with Differentiable Laplace Approximations},
  author={Immer, Alexander and van der Ouderaa, Tycho FA and Fortuin, Vincent and R{\"a}tsch, Gunnar and van der Wilk, Mark},
  journal={arXiv preprint arXiv:2202.10638},
  year={2022}
}
@inproceedings{antoran2022adapting,
  title={Adapting the Linearised Laplace Model Evidence for Modern Deep Learning},
  author={Antor{\'a}n, Javier and Janz, David and Allingham, James U and Daxberger, Erik and Barbano, Riccardo Rb and Nalisnick, Eric and Hern{\'a}ndez-Lobato, Jos{\'e} Miguel},
  booktitle={International Conference on Machine Learning},
  pages={796--821},
  year={2022},
  organization={PMLR}
}
@article{dangel2021vivit,
  title={ViViT: Curvature access through the generalized Gauss-Newton's low-rank structure},
  author={Dangel, Felix and Tatzel, Lukas and Hennig, Philipp},
  journal={arXiv preprint arXiv:2106.02624},
  year={2021}
}
@inproceedings{chen2014stochastic,
  title={Stochastic gradient hamiltonian monte carlo},
  author={Chen, Tianqi and Fox, Emily and Guestrin, Carlos},
  booktitle={International Conference on Machine Learning},
  pages={1683--1691},
  year={2014},
  organization={PMLR}
}
@inproceedings{neiswanger2014asymptotically,
  title={Asymptotically exact, embarrassingly parallel MCMC},
  author={Neiswanger, Willie and Wang, Chong and Xing, Eric P},
  booktitle={Proceedings of the Thirtieth Conference on Uncertainty in Artificial Intelligence},
  pages={623--632},
  year={2014}
}
@inproceedings{ahn2012bayesian,
  title={Bayesian posterior sampling via stochastic gradient fisher scoring},
  author={Ahn, Sungjin and Korattikara, Anoop and Welling, Max},
  booktitle={Proceedings of the 29th International Coference on International Conference on Machine Learning},
  pages={1771--1778},
  year={2012}
}
@article{korattikara2015bayesian,
  title={Bayesian dark knowledge},
  author={Korattikara Balan, Anoop and Rathod, Vivek and Murphy, Kevin P and Welling, Max},
  journal={Advances in Neural Information Processing Systems},
  volume={28},
  year={2015}
}
@inproceedings{wang2015privacy,
  title={Privacy for free: Posterior sampling and stochastic gradient monte carlo},
  author={Wang, Yu-Xiang and Fienberg, Stephen and Smola, Alex},
  booktitle={International Conference on Machine Learning},
  pages={2493--2502},
  year={2015},
  organization={PMLR}
}
@article{ma2015complete,
  title={A complete recipe for stochastic gradient MCMC},
  author={Ma, Yi-An and Chen, Tianqi and Fox, Emily},
  journal={Advances in Neural Information Processing Systems},
  volume={28},
  year={2015}
}
@inproceedings{li2016preconditioned,
  title={Preconditioned stochastic gradient Langevin dynamics for deep neural networks},
  author={Li, Chunyuan and Chen, Changyou and Carlson, David and Carin, Lawrence},
  booktitle={Thirtieth AAAI Conference on Artificial Intelligence},
  year={2016}
}
@inproceedings{zhang2019cyclical,
  title={Cyclical Stochastic Gradient MCMC for Bayesian Deep Learning},
  author={Zhang, Ruqi and Li, Chunyuan and Zhang, Jianyi and Chen, Changyou and Wilson, Andrew Gordon},
  booktitle={International Conference on Learning Representations},
  year={2019}
}
@article{dziugaite2017computing,
  title={Computing nonvacuous generalization bounds for deep (stochastic) neural networks with many more parameters than training data},
  author={Dziugaite, Gintare Karolina and Roy, Daniel M},
  journal={arXiv preprint arXiv:1703.11008},
  year={2017}
}
@inproceedings{dziugaite2021role,
  title={On the role of data in PAC-Bayes bounds},
  author={Dziugaite, Gintare Karolina and Hsu, Kyle and Gharbieh, Waseem and Arpino, Gabriel and Roy, Daniel},
  booktitle={International Conference on Artificial Intelligence and Statistics},
  pages={604--612},
  year={2021},
  organization={PMLR}
}
@article{vapnik1999overview,
  title={An overview of statistical learning theory},
  author={Vapnik, Vladimir N},
  journal={IEEE transactions on neural networks},
  volume={10},
  number={5},
  pages={988--999},
  year={1999},
  publisher={IEEE}
}
@article{mcallester1999some,
  title={Some pac-bayesian theorems},
  author={McAllester, David A},
  journal={Machine Learning},
  volume={37},
  number={3},
  pages={355--363},
  year={1999},
  publisher={Springer}
}
@inproceedings{grunwald2012safe,
  title={The safe bayesian},
  author={Gr{\"u}nwald, Peter},
  booktitle={International Conference on Algorithmic Learning Theory},
  pages={169--183},
  year={2012},
  organization={Springer}
}
@article{pitas2022cold,
  title={Cold Posteriors through PAC-Bayes},
  author={Pitas, Konstantinos and Arbel, Julyan},
  journal={arXiv preprint arXiv:2206.11173},
  year={2022}
}
@article{langford2005tutorial,
  title={Tutorial on practical prediction theory for classification},
  author={Langford, John},
  journal={Journal of machine learning research},
  volume={6},
  number={Mar},
  pages={273--306},
  year={2005}
}
@inproceedings{kaariainen2005comparison,
  title={A comparison of tight generalization error bounds},
  author={K{\"a}{\"a}ri{\"a}inen, Matti and Langford, John},
  booktitle={Proceedings of the 22nd International Conference on Machine Learning},
  pages={409--416},
  year={2005}
}
@article{davenport2019potential,
  title={The potential for artificial intelligence in healthcare},
  author={Davenport, Thomas and Kalakota, Ravi},
  journal={Future healthcare journal},
  volume={6},
  number={2},
  pages={94},
  year={2019},
  publisher={Royal College of Physicians}
}
@book{mohri2018foundations,
  title={Foundations of machine learning},
  author={Mohri, Mehryar and Rostamizadeh, Afshin and Talwalkar, Ameet},
  year={2018},
  publisher={MIT press}
}
@article{blumer1989learnability,
  title={Learnability and the Vapnik-Chervonenkis dimension},
  author={Blumer, Anselm and Ehrenfeucht, Andrzej and Haussler, David and Warmuth, Manfred K},
  journal={Journal of the ACM (JACM)},
  volume={36},
  number={4},
  pages={929--965},
  year={1989},
  publisher={ACM New York, NY, USA}
}
@article{zhang2016understanding,
  title={Understanding deep learning requires rethinking generalization},
  author={Zhang, Chiyuan and Bengio, Samy and Hardt, Moritz and Recht, Benjamin and Vinyals, Oriol},
  journal={arXiv preprint arXiv:1611.03530},
  year={2016}
}
@article{golowich2017size,
  title={Size-Independent Sample Complexity of Neural Networks},
  author={Golowich, Noah and Rakhlin, Alexander and Shamir, Ohad},
  journal={arXiv preprint arXiv:1712.06541},
  year={2017}
}
@article{arora2018stronger,
  title={Stronger generalization bounds for deep nets via a compression approach},
  author={Arora, Sanjeev and Ge, Rong and Neyshabur, Behnam and Zhang, Yi},
  journal={arXiv preprint arXiv:1802.05296},
  year={2018}
}
@article{neyshabur2017pac,
  title={A pac-bayesian approach to spectrally-normalized margin bounds for neural networks},
  author={Neyshabur, Behnam and Bhojanapalli, Srinadh and McAllester, David and Srebro, Nathan},
  journal={arXiv preprint arXiv:1707.09564},
  year={2017}
}
@article{sokolic2016robust,
  title={Robust large margin deep neural networks},
  author={Sokoli{\'c}, Jure and Giryes, Raja and Sapiro, Guillermo and Rodrigues, Miguel RD},
  journal={IEEE Transactions on Signal Processing},
  volume={65},
  number={16},
  pages={4265--4280},
  year={2016},
  publisher={IEEE}
}
@inproceedings{bartlett2017spectrally,
  title={Spectrally-normalized margin bounds for neural networks},
  author={Bartlett, Peter L and Foster, Dylan J and Telgarsky, Matus J},
  booktitle={Advances in Neural Information Processing Systems},
  pages={6241--6250},
  year={2017}
}
@article{lyle2020bayesian,
  title={A bayesian perspective on training speed and model selection},
  author={Lyle, Clare and Schut, Lisa and Ru, Robin and Gal, Yarin and van der Wilk, Mark},
  journal={Advances in Neural Information Processing Systems},
  volume={33},
  pages={10396--10408},
  year={2020}
}
@article{ru2021speedy,
  title={Speedy Performance Estimation for Neural Architecture Search},
  author={Ru, Robin and Lyle, Clare and Schut, Lisa and Fil, Miroslav and van der Wilk, Mark and Gal, Yarin},
  journal={Advances in Neural Information Processing Systems},
  volume={34},
  pages={4079--4092},
  year={2021}
}
@article{baker2017accelerating,
  title={Accelerating neural architecture search using performance prediction},
  author={Baker, Bowen and Gupta, Otkrist and Raskar, Ramesh and Naik, Nikhil},
  journal={arXiv preprint arXiv:1705.10823},
  year={2017}
}
@inproceedings{mellor2021neural,
  title={Neural architecture search without training},
  author={Mellor, Joe and Turner, Jack and Storkey, Amos and Crowley, Elliot J},
  booktitle={International Conference on Machine Learning},
  pages={7588--7598},
  year={2021},
  organization={PMLR}
}
@article{abdelfattah2021zero,
  title={{Zero-cost proxies for lightweight NAS}},
  author={Abdelfattah, Mohamed S and Mehrotra, Abhinav and Dudziak, {\L}ukasz and Lane, Nicholas D},
  journal={arXiv preprint arXiv:2101.08134},
  year={2021}
}
@inproceedings{zhang2018noisy,
  title={Noisy natural gradient as variational inference},
  author={Zhang, Guodong and Sun, Shengyang and Duvenaud, David and Grosse, Roger},
  booktitle={International Conference on Machine Learning},
  pages={5852--5861},
  year={2018},
  organization={PMLR}
}
@article{mishkin2018slang,
  title={Slang: Fast structured covariance approximations for bayesian deep learning with natural gradient},
  author={Mishkin, Aaron and Kunstner, Frederik and Nielsen, Didrik and Schmidt, Mark and Khan, Mohammad Emtiyaz},
  journal={Advances in Neural Information Processing Systems},
  volume={31},
  year={2018}
}
@article{khan2017vprop,
  title={Vprop: Variational inference using rmsprop},
  author={Khan, Mohammad Emtiyaz and Liu, Zuozhu and Tangkaratt, Voot and Gal, Yarin},
  journal={arXiv preprint arXiv:1712.01038},
  year={2017}
}
@book{mackay2003information,
  title={Information theory, inference and learning algorithms},
  author={MacKay, David JC},
  year={2003},
  publisher={Cambridge university press}
}
@article{fawzi2016robustness,
  title={Robustness of classifiers: from adversarial to random noise},
  author={Fawzi, Alhussein and Moosavi-Dezfooli, Seyed-Mohsen and Frossard, Pascal},
  journal={Advances in Neural Information Processing Systems},
  volume={29},
  year={2016}
}
@article{modas2021prime,
  title={PRIME: A few primitives can boost robustness to common corruptions},
  author={Modas, Apostolos and Rade, Rahul and Ortiz-Jim{\'e}nez, Guillermo and Moosavi-Dezfooli, Seyed-Mohsen and Frossard, Pascal},
  journal={arXiv preprint arXiv:2112.13547},
  year={2021}
}
@article{fortuin2022priors,
  title={Priors in bayesian deep learning: A review},
  author={Fortuin, Vincent},
  journal={International Statistical Review},
  year={2022},
  publisher={Wiley Online Library}
}
@inproceedings{moosavi2016deepfool,
  title={Deepfool: a simple and accurate method to fool deep neural networks},
  author={Moosavi-Dezfooli, Seyed-Mohsen and Fawzi, Alhussein and Frossard, Pascal},
  booktitle={Proceedings of the IEEE conference on computer vision and pattern recognition},
  pages={2574--2582},
  year={2016}
}
@InProceedings{Moosavi-Dezfooli_2017_CVPR,
author = {Moosavi-Dezfooli, Seyed-Mohsen and Fawzi, Alhussein and Fawzi, Omar and Frossard, Pascal},
title = {Universal Adversarial Perturbations},
booktitle = {Proceedings of the IEEE Conference on Computer Vision and Pattern Recognition (CVPR)},
month = {July},
year = {2017}
} 
@inproceedings{sundararajan2017axiomatic,
  title={Axiomatic attribution for deep networks},
  author={Sundararajan, Mukund and Taly, Ankur and Yan, Qiqi},
  booktitle={International Conference on Machine Learning},
  pages={3319--3328},
  year={2017},
  organization={PMLR}
}
@article{lim2021temporal,
  title={Temporal fusion transformers for interpretable multi-horizon time series forecasting},
  author={Lim, Bryan and Ar{\i}k, Sercan {\"O} and Loeff, Nicolas and Pfister, Tomas},
  journal={International Journal of Forecasting},
  volume={37},
  number={4},
  pages={1748--1764},
  year={2021},
  publisher={Elsevier}
}
@inproceedings{koh2017understanding,
  title={Understanding black-box predictions via influence functions},
  author={Koh, Pang Wei and Liang, Percy},
  booktitle={International Conference on Machine Learning},
  pages={1885--1894},
  year={2017},
  organization={PMLR}
}
@article{khan2019approximate,
  title={{Approximate inference turns deep networks into Gaussian processes}},
  author={Khan, Mohammad Emtiyaz E and Immer, Alexander and Abedi, Ehsan and Korzepa, Maciej},
  journal={Advances in neural information processing systems},
  volume={32},
  year={2019}
}
@article{adlam2020cold,
  title={Cold posteriors and aleatoric uncertainty},
  author={Adlam, Ben and Snoek, Jasper and Smith, Samuel L},
  journal={arXiv preprint arXiv:2008.00029},
  year={2020}
}
@article{bachmann2022tempering,
  title={{How Tempering Fixes Data Augmentation in Bayesian Neural Networks}},
  author={Bachmann, Gregor and Noci, Lorenzo and Hofmann, Thomas},
  journal={Advances in Neural Information Processing Systems},
  year={2022}
}
@article{kapoor2022uncertainty,
  title={{On Uncertainty, Tempering, and Data Augmentation in Bayesian Classification}},
  author={Kapoor, Sanyam and Maddox, Wesley J and Izmailov, Pavel and Wilson, Andrew Gordon},
  journal={Advances in Neural Information Processing Systems},
  year={2022}
}
@article{nado2021uncertainty,
  title={Uncertainty Baselines: Benchmarks for uncertainty \& robustness in deep learning},
  author={Nado, Zachary and Band, Neil and Collier, Mark and Djolonga, Josip and Dusenberry, Michael W and Farquhar, Sebastian and Feng, Qixuan and Filos, Angelos and Havasi, Marton and Jenatton, Rodolphe},
  journal={arXiv preprint arXiv:2106.04015},
  year={2021}
}
@article{foret2020sharpness,
  title={Sharpness-aware minimization for efficiently improving generalization},
  author={Foret, Pierre and Kleiner, Ariel and Mobahi, Hossein and Neyshabur, Behnam},
  journal={arXiv preprint arXiv:2010.01412},
  year={2020}
}
@article{neelakantan2015adding,
  title={Adding gradient noise improves learning for very deep networks},
  author={Neelakantan, Arvind and Vilnis, Luke and Le, Quoc V and Sutskever, Ilya and Kaiser, Lukasz and Kurach, Karol and Martens, James},
  journal={arXiv preprint arXiv:1511.06807},
  year={2015}
}
@article{mollenhoff2022sam,
  title={SAM as an Optimal Relaxation of Bayes},
  author={M{\"o}llenhoff, Thomas and Khan, Mohammad Emtiyaz},
  journal={arXiv preprint arXiv:2210.01620},
  year={2022}
}
@article{fort2019deep,
  title={Deep ensembles: A loss landscape perspective},
  author={Fort, Stanislav and Hu, Huiyi and Lakshminarayanan, Balaji},
  journal={arXiv preprint arXiv:1912.02757},
  year={2019}
}




