%% This BibTeX bibliography file was created using BibDesk.
%% https://bibdesk.sourceforge.io/

%% Created for RÃ©mi Bardenet at 2020-02-07 17:03:07 +0100 


%% Saved with string encoding Unicode (UTF-8) 


%inproceedings{WeTe11,
	Author = {Welling, M. and Teh, Y. W.},
	Booktitle = {Proceedings of the 28th international conference on machine learning (ICML-11)},
	Date-Added = {2020-02-07 17:00:27 +0100},
	Date-Modified = {2020-02-07 17:00:55 +0100},
	Pages = {681--688},
	Title = {Bayesian learning via stochastic gradient {L}angevin dynamics},
	Year = {2011}}

%inproceedings{RaAnJo15,
	Author = {Rabinovich, M. and Angelino, E. and Jordan, M.},
	Booktitle = {Advances in Neural Information Processing Systems},
	Date-Added = {2020-02-07 16:59:02 +0100},
	Date-Modified = {2020-02-07 17:03:07 +0100},
	Pages = {1207--1215},
	Title = {Variational consensus {M}onte {C}arlo},
	Year = {2015}}

@article{hoffman2014no,
  title={{The No-U-Turn sampler: adaptively setting path lengths in Hamiltonian Monte Carlo.}},
  author={Hoffman, Matthew D and Gelman, Andrew and others},
  journal={Journal of Machine Learning Research},
  volume={15},
  number={1},
  pages={1593--1623},
  year={2014}
}

@inproceedings{mandt2016variational,
	title={A variational analysis of stochastic gradient algorithms},
	author={Mandt, Stephan and Hoffman, Matthew and Blei, David},
	booktitle={International conference on machine learning},
	pages={354--363},
	year={2016},
	organization={PMLR}
}

@article{Liu94,
  title={{The Collapsed Gibbs Sampler in Bayesian Computations With Applications to a Gene Regulation Problem
  }},
  author={Liu, Jun},
  journal={Journal of the American Statistical Association},
  year={1994}
}


  
