%% This BibTeX bibliography file was created using BibDesk.
%% https://bibdesk.sourceforge.io/

%% Created for RÃ©mi Bardenet at 2020-02-07 17:05:57 +0100 


%% Saved with string encoding Unicode (UTF-8) 

@article{ray2021variational,
  title={Variational {B}ayes for high-dimensional linear regression with sparse priors},
  author={Ray, Kolyan and Szab{\'o}, Botond},
  journal={Journal of the American Statistical Association},
  pages={1--12},
  year={2021},
  publisher={Taylor \& Francis}
}

%inproceedings{HuDu12,
	Author = {Husz{\'a}r, Ferenc and Duvenaud, David},
	Booktitle = {Proceedings of the conference on Uncertainty in Artificial Intelligence (UAI)},
	Date-Added = {2017-11-13 16:11:23 +0000},
	Date-Modified = {2017-11-13 16:12:04 +0000},
	Title = {Optimally-weighted herding is {B}ayesian quadrature},
	Year = {2012}}

%inproceedings{SnLaAd12,
	Author = {Snoek, Jasper and Larochelle, Hugo and Adams, Ryan P},
	Booktitle = {Advances in neural information processing systems},
	Date-Added = {2017-11-13 16:10:32 +0000},
	Date-Modified = {2017-11-13 16:12:17 +0000},
	Pages = {2951--2959},
	Title = {Practical {B}ayesian optimization of machine learning algorithms},
	Year = {2012}}

@inproceedings{Tit09,
	Author = {Titsias, Michalis K},
	Booktitle = {International Conference on Artificial Intelligence and Statistics},
	Date-Added = {2017-11-13 16:08:37 +0000},
	Date-Modified = {2017-11-13 16:12:35 +0000},
	Pages = {567--574},
	Title = {Variational learning of inducing variables in sparse {G}aussian processes},
	Year = {2009}}


@inproceedings{minka2001expectation,
	title={Expectation propagation for approximate {B}ayesian inference},
	author={Minka, Thomas P},
	Booktitle={Uncertainty in Artificial Intelligence},
	year={2001}
  }
  
@inproceedings{TeNeWe07,
  Author = {Teh, Y. W. and Newman, D. and Welling, M.},
  Booktitle = {Advances in neural information processing systems},
  Date-Added = {2020-02-07 17:02:16 +0100},
  Date-Modified = {2020-02-07 17:02:16 +0100},
  Pages = {1353--1360},
  Title = {A collapsed variational {B}ayesian inference algorithm for latent {D}irichlet allocation},
  Year = {2007}}

%inproceedings{ChGh05,
	Author = {Chu, W. and Ghahramani, Z.},
	Booktitle = {Proceedings of the 22nd international conference on Machine learning},
	Date-Added = {2017-11-13 16:08:01 +0000},
	Date-Modified = {2020-02-07 17:05:57 +0100},
	Organization = {ACM},
	Pages = {137--144},
	Title = {Preference learning with {G}aussian processes},
	Year = {2005}}
