


@article{lavine1992some,
	Author = {Lavine, Michael},
	Date-Added = {2016-04-05 09:24:48 +0000},
	Date-Modified = {2016-04-05 09:24:48 +0000},
	Journal = {The Annals of Statistics},
	Pages = {1222--1235},
	Publisher = {JSTOR},
	Title = {{Some aspects of Polya tree distributions for statistical modelling}},
	Year = {1992}}


@article{pitman1997two,
	Author = {Pitman, Jim and Yor, Marc},
	Date-Added = {2016-01-12 08:56:24 +0000},
	Date-Modified = {2016-01-12 08:56:24 +0000},
	Journal = {The Annals of Probability},
	Number = {2},
	Pages = {855--900},
	Publisher = {Institute of Mathematical Statistics},
	Title = {{The two-parameter Poisson-Dirichlet distribution derived from a stable subordinator}},
	Volume = {25},
	Year = {1997}}




@inproceedings{ayed2019double-power-law,
	author = {Ayed, Fadhel and Lee, Juho and Caron, Francois},
	booktitle = {Proceedings of the 36th International Conference on Machine Learning},
	date-added = {2021-01-29 10:06:03 +0100},
	date-modified = {2021-01-29 11:42:23 +0100},
	editor = {Kamalika Chaudhuri and Ruslan Salakhutdinov},
	month = {09--15 Jun},
	pages = {395--404},
	pdf = {http://proceedings.mlr.press/v97/ayed19a/ayed19a.pdf},
	publisher = {PMLR},
	series = {Proceedings of Machine Learning Research},
	title = {Beyond the Chinese Restaurant and {Pitman-Yor} processes: Statistical Models with double power-law behavior},
	url = {http://proceedings.mlr.press/v97/ayed19a.html},
	volume = {97},
	year = {2019},
	}



@article{miller2014inconsistency,
	author = {Miller, Jeffrey W and Harrison, Matthew T},
	date-added = {2016-04-05 09:19:30 +0000},
	date-modified = {2016-04-19 11:22:31 +0000},
	journal = {The Journal of Machine Learning Research},
	number = {1},
	pages = {3333--3370},
	publisher = {JMLR. org},
	title = {{Inconsistency of Pitman-Yor process mixtures for the number of components}},
	volume = {15},
	year = {2014},
	}
