%% This BibTeX bibliography file was created using BibDesk.
%% https://bibdesk.sourceforge.io/

%% Created for RÃ©mi Bardenet at 2020-02-07 16:51:12 +0100 


%% Saved with string encoding Unicode (UTF-8) 



@inproceedings{GBLL,
	Author = {Germain, P. and Bach, F. and Lacoste, A. and Lacoste-Julien, S.},
	Booktitle = {Advances in Neural Information Processing Systems},
	Date-Added = {2020-02-07 16:50:22 +0100},
	Date-Modified = {2020-02-07 16:51:09 +0100},
	Pages = {1884--1892},
	Title = {PAC-{B}ayesian theory meets {B}ayesian inference},
	Year = {2016}}

%article{GrVa27,
	Author = {Gr{\"u}nwald, P. and Van Ommen, T.},
	Date-Added = {2020-02-07 16:45:10 +0100},
	Date-Modified = {2020-02-07 16:49:16 +0100},
	Journal = {Bayesian Analysis},
	Number = {4},
	Pages = {1069--1103},
	Publisher = {International Society for Bayesian Analysis},
	Title = {Inconsistency of {B}ayesian inference for misspecified linear models, and a proposal for repairing it},
	Volume = {12},
	Year = {2017}}

@inproceedings{grunwald2012safe,
  title={The safe {B}ayesian},
  author={Gr{\"u}nwald, Peter},
  booktitle={Proceedings of the International Conference on Algorithmic Learning Theory},
  pages={169--183},
  year={2012},
  organization={Springer}
}

@article{lopez2020decision,
  title={Decision-making with auto-encoding variational {B}ayes},
  author={Lopez, Romain and Boyeau, Pierre and Yosef, Nir and Jordan, Michael and Regier, Jeffrey},
  journal={Advances in Neural Information Processing Systems},
  volume={33},
  pages={5081--5092},
  year={2020}
}

%article{RiTs11,
	Author = {Rigollet, P. and Tsybakov, A.},
	Date-Added = {2020-02-07 16:41:13 +0100},
	Date-Modified = {2020-02-07 16:49:05 +0100},
	Journal = {The Annals of Statistics},
	Number = {2},
	Pages = {731--771},
	Publisher = {Institute of Mathematical Statistics},
	Title = {Exponential screening and optimal rates of sparse estimation},
	Volume = {39},
	Year = {2011}}
