
@article{guo2018explaining,
	author = {Guo, Wenbo and Huang, Sui and Tao, Yunzhe and Xing, Xinyu and Lin, Lin},
	date-added = {2022-01-28 17:05:22 +0100},
	date-modified = {2022-01-28 17:05:35 +0100},
	journal = {NeurIPS},
	title = {{Explaining deep learning models-a Bayesian non-parametric approach}},
	year = {2018},
	}


@inproceedings{yurochkin2019BNP-NN,
	author = {Yurochkin, Mikhail and Agarwal, Mayank and Ghosh, Soumya and Greenewald, Kristjan and Hoang, Nghia and Khazaeni, Yasaman},
	booktitle = {Proceedings of the 36th International Conference on Machine Learning},
	date-added = {2022-01-28 17:03:15 +0100},
	date-modified = {2022-01-28 17:03:38 +0100},
	editor = {Chaudhuri, Kamalika and Salakhutdinov, Ruslan},
	month = {09--15 Jun},
	pages = {7252--7261},
	pdf = {http://proceedings.mlr.press/v97/yurochkin19a/yurochkin19a.pdf},
	publisher = {PMLR},
	series = {Proceedings of Machine Learning Research},
	title = {{B}ayesian Nonparametric Federated Learning of Neural Networks},
	url = {https://proceedings.mlr.press/v97/yurochkin19a.html},
	volume = {97},
	year = {2019},
	}


@inproceedings{khan2019approximate,
	Author = {Khan, Mohammad Emtiyaz E and Immer, Alexander and Abedi, Ehsan and Korzepa, Maciej},
	Booktitle = {Advances in Neural Information Processing Systems},
	Date-Added = {2020-01-29 11:14:44 +0100},
	Date-Modified = {2020-01-29 11:14:44 +0100},
	Pages = {3088--3098},
	Title = {{Approximate Inference Turns Deep Networks into Gaussian Processes}},
	Year = {2019}
}





@inproceedings{matthews2018gaussian,
	author = {A. Matthews and M. Rowland and J. Hron and R. Turner and Z. Ghahramani},
	booktitle = {International Conference on Learning Representations},
	date-added = {2019-07-28 11:39:02 +0200},
	date-modified = {2019-07-28 17:39:06 +0200},
	journal = {International Conference on Learning Representations},
	title = {Gaussian process behaviour in wide deep neural networks},
	volume = {1804.11271},
	year = {2018}
}

